=LDR  02503 as a2200505 i 4500
=001  017556888
=003  Uk
=005  20150925135935.0
=006  m\\\\\|\\d\|\\\\\\
=007  cr\|||||||||||
=008  150925d20072009enkfr|p\o\\\\o0\\\a0eng\\
=FMT  \\$a  SE
=040  \\$aUk$beng$cUk$erda
=042  \\$aukblsr
=082  04$a373.182900941$223
=245  00$aEthnic minority achievement programme newsletter.
=246  1\$iMinor title change:$aEthnic minority achievement programme,$fautumn 2008-
=246  13$aNational strategies ethnic minority achievement newsletter
=246  13$aNational strategies EMA newsletter
=264  31$aNorwich :$bDepartment for Children, Schools and Families,$c2007-2009.
=300  \\$a5 volumes :$billustrations (colour)
=310  \\$aSemiannual
=336  \\$atext$2rdacontent
=337  \\$acomputer$2rdamedia
=338  \\$aonline resource$2rdacarrier
=362  0\$aIssue 1 (autumn 2007)-issue 5 (Autumn 2009).
=500  \\$aTitle from PDF cover (National Archives snapshot, taken on 08/11/2008).
=500  \\$aAt head of title: Primary and Secondary national strategies.
=550  \\$aCombined newsletter for the National Strategies Ethnicity, Social Class and Achievement (ESCA) programmes.
=588  \\$aLatest issue consulted: issue 5 (autumn 2009) (National Archives snapshot, taken on 02/09/2011).
=650  \0$aChildren of minorities$xEducation (Primary)$zGreat Britain$vPeriodicals.
=650  \0$aChildren of minorities$xEducation (Secondary)$zGreat Britain$vPeriodicals.
=650  \0$aAcademic achievement$zGreat Britain$vPeriodicals.
=710  1\$aGreat Britain.$bDepartment for Children, Schools and Families.
=787  0\$aMinority Ethnic Achievement Project.$sNewsletter (Minority Ethnic Achievement Project)
=856  4\$32007-2008:$uhttp://webarchive.nationalarchives.gov.uk/20081108104407/http://www.standards.dfes.gov.uk/primary/publications/inclusion/emap_newsletters/
=856  4\$32009:$uhttp://webarchive.nationalarchives.gov.uk/20110830184222/http://nsonline.org.uk/search/inclusion/results/nav:49577$zFollow links to resource
=852  41$aBritish Library$bHMNTS$jDigital store$3(2007) Autumn-(2009) Autumn
=985  \\$a(Newsletter for a group of programmes)
=CAT  \\$a11316$b40$c20150925$lBLL01$h1236
=CAT  \\$a11316$b40$c20150925$lBLL01$h1237
=CAT  \\$a11316$b40$c20150925$lBLL01$h1359
=FIN  \\$aY$d20150925
=STA  \\$aSUPPRESSED$bIngested as issues
=LAS  \\$a11316$b40$c20150925$lBLL01$h1359

