=LDR  02859 as a22007213  4500
=001  007193188
=003  Uk
=005  20121002153911.0
=006  m\\\\\\\\d\|\\\\\\
=007  cr||||||||||||
=008  010108c200u9999enkmr\p\s\\\\\0\\\a0eng\\
=FMT  \\$a  SE
=015  \\$aGBB0C6919$2bnb
=022  0\$a1473-088X$202
=040  \\$aUk$beng$cUk$dUk
=042  \\$aukblsr$aissnuk
=082  04$a629.130094705$222
=130  0\$aConcise aerospace (Online)
=210  0\$aConcise aerosp.$b(Online)
=222  \0$aConcise aerospace$b(Online)
=245  10$aConcise aerospace$h[electronic resource]
=260  \\$a[Staverton] :$bConcise B2B.
=300  \\$av.
=310  \\$aMonthly
=336  \\$atext$2rdacontent
=337  \\$acomputer$2rdamedia
=338  \\$aonline resource$2rdacarrier
=500  \\$aDescription based on: Sept. 2010 issue; title from PDF t.p. (downloaded issue viewed 25 Oct. 2010)
=538  \\$aMode of access: World Wide Web with archive issues.
=538  \\$aSystem requirements: IBM compatible PC; processor or later; MB RAM; Windows or later; MB of free hard disk space.
=650  \0$aAerospace planes$vPeriodicals.$zRussia
=650  \0$aAerospace planes$zFormer Soviet republics$vPeriodicals.
=650  \0$aAerospace industries$zRussia$vPeriodicals.
=650  \0$aAerospace industries$zFormer Soviet republics$vPeriodicals.
=650  \0$aDefense industries$zRussia$vPeriodicals.
=650  \0$aDefense industries$zFormer Soviet republics$vPeriodicals.
=776  0\$tConcise aerospace (Print)$x1473-0898
=787  0\$tConciseB2B aerospace$x1475-6609
=856  4\$uhttp://www.conciseb2b.com/aerospace/account.cfm$zto register
=852  41$aBritish Library$bHMNTS$jDIGITAL STORE
=985  \\$aOut of scope - now published in USA
=A02  \\$a1449925$z49925
=CAT  \\$aCONV$b00$c20040425$lBLL90$h0713
=CAT  \\$aCONV$b00$c20040502$lBLL01$h1212
=CAT  \\$a11249$b40$c20050408$lBLL01$h0934
=CAT  \\$aBATCH$b00$c20091207$lBLL01$h0416
=CAT  \\$aBATCH$b00$c20091214$lBLL01$h0221
=CAT  \\$aBATCH$b00$c20091216$lBLL01$h0040
=CAT  \\$a7332$b40$c20101026$lBLL01$h0755
=CAT  \\$a7332$b40$c20101026$lBLL01$h0817
=CAT  \\$aISSN$b40$c20101104$lBLL01$h1208
=CAT  \\$a8201$b40$c20121002$lBLL01$h1539
=CAT  \\$aW1711-1225$c20171203$lBLL01$h1018
=FIN  \\$aY$d20101025
=LEO  \\$aMP22.0000066039
=LET  \0$aConcise aerospace (Electronic)
=LKR  \\$aPAR$b007193885$lBLL01$r787$mConcise aerospace (Online)$nConciseB2B aerospace
=LKR  \\$aPAR$b011649029$lBLL01$nConcise aerospace (Print)$mConcise aerospace (Online)$r776
=SRC  \\$aDSS03$bbibsr.200404.2.aa
=SRC  \\$aISN01$bbibmp22.200404.2.aa
=STA  \\$aSUPPRESSED$bunable to determine reason for suppression
=TCO  \\$aCLA$bCLA$c008
=LAS  \\$aW1711-1225$b00$c20171203$lBLL01$h1018

