=LDR  02351aas a2200637 a 4500
=001  007892543
=003  Uk
=005  20131119144800.0
=006  m\\\\\\\\d\|\\\\\\
=007  cr||||||||||||
=008  031027d2003201uenktr\p\o\\\\\0\\\a0eng\\
=FMT  \\$a  SE
=015  \\$aGBB142784$2bnb
=022  0\$a1741-5608$202
=040  \\$aUk$cUk$dUk
=042  \\$aukblsr$aissnuk
=082  04$a784.8094305$222
=222  \0$aBlasmusik bulletin
=245  00$aBlasmusik bulletin$h[electronic resource] :$bKEBS newsletter.
=246  13$aKEBS newsletter
=260  \\$a[Shrewsbury] :$bKmoch European Bands Society,$c2003-
=310  \\$aThree issues yearly
=336  \\$atext$2rdacontent
=337  \\$acomputer$2rdamedia
=338  \\$aonline resource$2rdacarrier
=538  \\$aMode of access: email.
=515  \\$aNot published 2006-2009.
=588  \\$aDescription based on: 14 (Nov. 2010); title from Word caption (email, sent 25/11/2010).
=588  \\$aLatest issue consulted: 15 (Feb. 2011) (email, sent 22/02/11).
=650  \0$aBand music$zEurope, Central$xHistory and criticism$vPeriodicals.
=650  \0$aBand music$zEurope, Central$xAnalysis, appreciation$vPeriodicals.
=710  2\$aKmoch European Bands Society.
=856  40$uhttp://www.kmoch.org.uk/Membership.htm$zTo subscribe
=852  41$aBritish Library$bHMNTS$jDigital store$3Issue 1-issue 15 (2011)
=A02  \\$a3017105$z0
=CAT  \\$aCONV$b00$c20040425$lBLL90$h0713
=CAT  \\$aCONV$b00$c20040502$lBLL01$h1234
=CAT  \\$a11249$b40$c20050408$lBLL01$h1346
=CAT  \\$aBATCH$b00$c20091208$lBLL01$h0313
=CAT  \\$aBATCH$b00$c20091214$lBLL01$h0319
=CAT  \\$aBATCH$b00$c20091216$lBLL01$h0059
=CAT  \\$a3072$b40$c20110401$lBLL01$h1021
=CAT  \\$a3072$b40$c20110401$lBLL01$h1025
=CAT  \\$a3072$b40$c20110401$lBLL01$h1029
=CAT  \\$a7332$b40$c20110405$lBLL01$h1033
=CAT  \\$a8201$b40$c20130611$lBLL01$h0943
=CAT  \\$a7778$b40$c20131119$lBLL01$h1448
=CAT  \\$aW1711-1225$c20171203$lBLL01$h1018
=FIN  \\$aY
=LEO  \\$aMP22.0000071449
=LET  \0$aBlasmusik bulletin (Electronic)
=SRC  \\$aDSS04$bbibld.200404.2.aa
=SRC  \\$aISN01$bbibmp22.200404.2.aa
=STA  \\$aSUPPRESSED$bunable to determine reason for suppression
=TCO  \\$aCLA$bCLA$c008
=LAS  \\$aW1711-1225$b00$c20171203$lBLL01$h1018

