=LDR  03331 as a2200685 a 4500
=001  018623062
=003  Uk
=005  20201006143805.0
=006  m\\\\\o\\d\\\\\\\\
=007  cr\|n|||||||||
=008  080104d20032017ie\qr\pso\\\\\0\\\a0eng\d
=FMT  \\$a  SE
=015  \\$aGBB7M6795$2bnb
=016  7\$a2640459-X$2DE-600
=035  \\$a(OCoLC)506378147
=040  \\$aZCU$beng$cZCU$dHEBIS$dOCLCQ$dOCLCF$dOCLCO$dOCLCQ{dollar}dUk
=042  \\$aukblsr
=043  \\$ae------
=050  \4$aKJC2625.A15
=082  04$a658.16094$223
=245  00$aEuropean restructuring monitor quarterly.
=246  1\$iMinor title change:$aERM quarterly
=260  \\$a[Dublin] :$bEuropean Foundation for the Improvement of Living and Working Conditions, European Monitoring Centre on Change,$c2003-
=300  \\$billustrations (colour)
=310  \\$aQuarterly
=336  \\$atext$btxt$2rdacontent
=337  \\$acomputer$bc$2rdamedia
=338  \\$aonline resource$bcr$2rdacarrier
=362  0\$aIssue 1 (Summer 2003)-quarter 4 (January 2017).
=500  \\$aTitle from PDF title page (viewed Apr. 24, 2008).
=508  \\$aAt head of title: Eurofound.
=520  \\$aThe European Restructuring Monitor quarterly (ERM quarterly) offers an overview of the main findings and an interpretation of the data collected over the past three months ... It will provide statistics comparing restructuring activities across the 27 EU Member States and Norway, identifying the countries and sectors most affected. Each issue ... will highlight developments in a specific country or sector, pointing to key facts behind the statistical data. In addition, background information on two major, recent restructuring cases will be presented.
=538  \\$aMode of access: World Wide Web.
=588  0\$aLatest issue consulted: Quarter 4 (January 2017).
=650  \0$aBankruptcy$zEurope$vPeriodicals.
=650  \0$aCorporate reorganizations$zEurope$vPeriodicals.
=650  \0$aCorporate turnarounds$zEurope$vPeriodicals.
=650  \0$aConsolidation and merger of corporations$zEurope$vPeriodicals.
=650  \7$aBankruptcy.$2fast$0(OCoLC)fst00826826
=650  \7$aConsolidation and merger of corporations.$2fast$0(OCoLC)fst00875660
=650  \7$aCorporate reorganizations.$2fast$0(OCoLC)fst00879699
=650  \7$aCorporate turnarounds.$2fast$0(OCoLC)fst00879724
=651  \7$aEurope.$2fast$0(OCoLC)fst01245064
=655  \7$aPeriodicals.$2fast$0(OCoLC)fst01411641
=710  2\$aEuropean Monitoring Centre on Change,$eissuing body.
=710  2\$aEuropean Foundation for the Improvement of Living and Working Conditions.
=856  4\$uhttp://www.eurofound.europa.eu/emcc/erm/index.php?template=quarterly$zTo subscribe
=852  41$aBritish Library$bHMNTS$jDigital store$3Issue 2(2006)-Quarter 4(2017)
=CAT  \\$a3072$b40$c20171127$lBLL01$h1646
=CAT  \\$a3072$b40$c20171127$lBLL01$h1740
=CAT  \\$a7332$b40$c20171129$lBLL01$h1106
=CAT  \\$aW1711-1225$c20171203$lBLL01$h1057
=CAT  \\$a3072$b40$c20171204$lBLL01$h1702
=CAT  \\$a3072$b40$c20171204$lBLL01$h1707
=CAT  \\$a8483$b40$c20201006$lBLL01$h1438
=FIN  \\$aY$d20171127
=LET  \0$aEuropean restructuring monitor quarterly (Electronic)
=SID  \\$aZ39$bOCLC
=STA  \\$aSUPPRESSED$bVoluntary deposit
=LAS  \\$a8483$b40$c20201006$lBLL01$h1438

