=LDR  02119 as a2200517 i 4500
=001  019420774
=003  Uk
=005  20191111105237.0
=006  m\\\\\|\\d\|\\\\\\
=007  cr\|||||||||||
=008  190530c20049999ie\bn\p\o\\\\o0\\\a0eng\\
=FMT  \\$a  SE
=015  \\$aGBB999468$2bnb
=040  \\$aUk$beng$cUk$dUk$erda
=042  \\$aukblsr
=082  04$a372.9417$223
=245  00$aLeadership +.
=246  3\$aLeadership plus
=260  \\$aGlounthaune, Co. Cork :$bIrish Primary Principals' Network
=300  \\$billustrations (colour)
=310  \\$aUsually every two months, except during the summer
=336  \\$atext$2rdacontent
=337  \\$acomputer$2rdamedia
=338  \\$aonline resource$2rdacarrier
=362  1\$aPrint began with issue 22 (Oct. 2004).
=500  \\$a"The professional voice of primary principals".
=588  \\$aDescription based on: issue 107 (January 2019); title from PDF cover (publisher's Web site, viewed May 30, 2019).
=588  \\$aLatest issue consulted: issue 109 (May 2019) (publisher's Web site via Issu, viewed May 30, 2019).
=650  \0$aSchool principals$zIreland$zPeriodicals.
=650  \0$aPrimary school teachers$zIreland$xPeriodicals.
=710  2\$aIrish Primary Principals' Network,$eissuing body.
=780  00$aIrish Primary Principals' Network.$tNewsletter$x1649-6051
=776  08$iAlso issued in print as:$tLeadership +$x1649-5888
=856  40$uhttps://www.ippn.ie/index.php/supports/leadership$zFollow links to resource
=852  41$aBritish Library$bHMNTS$jDigital store$3Issue 107(2019)-issue 109(2019)
=985  \\$aVDEP ROI; Admin closed 11/11/19. See note on 015656939.
=CAT  \\$a3072$b40$c20190530$lBLL01$h1700
=CAT  \\$a3072$b40$c20190530$lBLL01$h1701
=CAT  \\$a3072$b40$c20190530$lBLL01$h1704
=CAT  \\$a3072$b40$c20191111$lBLL01$h1045
=CAT  \\$a3072$b40$c20191111$lBLL01$h1052
=FIN  \\$aY$d20190530
=LET  \0$aLeadership + (Electronic)
=LKR  \\$aPAR$b015656939$lBLL01$nLeadership + (Print)$mLeadership + (Online)$r776
=STA  \\$aSUPPRESSED$bVDEP
=LAS  \\$a3072$b40$c20191111$lBLL01$h1052

