=LDR  02137 as a22004697i 4500
=001  017855707
=003  Uk
=005  20171108110357.0
=006  m\\\\\|\\d\|\\\\\\
=007  cr\|||||||||||
=008  160524d198u2015enkqr\p\o\\\\\0\\\a0eng\\
=FMT  \\$a  SE
=022  0\$a2398-4406$202
=040  \\$aUk$beng$cUk$dUk$erda
=042  \\$aissnuk
=082  04$a330.941$223
=222  \0$aBritish Chambers of Commerce quarterly economic survey$b(Online)
=245  00$aBritish Chambers of Commerce quarterly economic survey.
=246  30$aQuarterly economic survey
=264  \1$aLondon :$bBritish Chambers of Commerce,$c-2015.
=336  \\$atext$2rdacontent
=337  \\$acomputer$2rdamedia
=338  \\$aonline resource$2rdacarrier
=530  \\$aAlso issued in print.
=588  \\$aDescription based on: 2015/4th quarter; title from PDF cover (British Chambers of Commerce Web site, viewed May 24, 2016).
=710  2\$aBritish Chambers of Commerce,$eissuing body.
=856  4\$uhttp://www.britishchambers.org.uk/policy-maker/policy-reports-and-publications/$zTo search
=852  41$aBritish Library$bHMNTS$jELD Digital store$3Content not received
=985  \\$aISSN-ONLY RECORD; DO NOT ADD ITEMS; 2015/4TH QUARTER FORWARDED BY LDO-ELECTRONIC TOGETHER WITH "KEY FINDINGS" VERSION 2016/1; 2015/4 ALREADY ON PRINT RECORD 008551500; SEE 017890476 FOR KEY FINDINGS VERSION.
=985  \\$aFull reports replaced electronically by a combination of "Key findings" PDF and an interactive website, hence this record closed with one issue (ingested at 017890476)
=CAT  \\$a8483$b40$c20160524$lBLL01$h1155
=CAT  \\$a8483$b40$c20160526$lBLL01$h1027
=CAT  \\$aBATCH-MBS$c20160603$lBLL01$h2106
=CAT  \\$a14346$b40$c20160606$lBLL01$h1036
=CAT  \\$a3072$b40$c20160622$lBLL01$h1631
=CAT  \\$a10983$b40$c20160627$lBLL01$h1113
=CAT  \\$a10983$b40$c20160627$lBLL01$h1114
=CAT  \\$a8483$b40$c20171108$lBLL01$h1103
=CAT  \\$aW1711-1225$c20171203$lBLL01$h1057
=FIN  \\$aY$d20160524
=STA  \\$aSUPPRESSED$bunable to determine reason for suppression
=LAS  \\$aW1711-1225$b00$c20171203$lBLL01$h1057

