=LDR  02542cas a2200565 i 4500
=001  017873807
=003  Uk
=005  20160609155503.0
=006  m\\\\\|\\d\|\\\\\\
=007  cr\|||||||||||
=008  160609c20109999ie\ar\\\o\\\\\0\\\a0eng\\
=FMT  \\$a  SE
=015  \\$aGBB679412$2bnb
=040  \\$aUk$beng$cUk$erda
=042  \\$aukblsr
=082  04$a332.1109417$223
=110  2\$aCentral Bank of Ireland (2010- ),$eauthor.
=245  10$aCentral Bank annual report /$cBanc Ceannais na hÉireann = Central Bank of Ireland.
=246  30$aAnnual report
=264  \1$aDublin :$bBanc Ceannais na hÉireann = Central Bank of Ireland
=310  \\$aAnnual
=336  \\$atext$2rdacontent
=337  \\$acomputer$2rdamedia
=338  \\$aonline resource$2rdacarrier
=588  \\$aDescription based on: 14 (2014) issue; title from PDF cover.
=588  \\$aLatest issue consulted: 15 (2015) (publisher's Web site, viewed June 9, 2016).
=650  \0$aBanks and banking$zIreland$vPeriodicals.
=650  \0$aMonetary policy$zIreland$vPeriodicals.
=650  \0$aFinance$zIreland$vPeriodicals.
=610  20$aCentral Bank of Ireland (2010- )$vPeriodicals.
=610  27$aCentral Bank of Ireland (2010- )$2fast$0(OCoLC)fst00520507
=650  \7$aBanks and banking.$2fast$0(OCoLC)fst00826867
=650  \7$aFinance.$2fast$0(OCoLC)fst00924349
=650  \7$aMonetary policy.$2fast$0(OCoLC)fst01025230
=651  \7$aIreland.$2fast$0(OCoLC)fst01205427
=655  \7$aPeriodicals.$2fast$0(OCoLC)fst01411641
=776  08$iPrint version:$aCentral Bank of Ireland.$tCentral Bank annual report
=780  00$aCentral Bank & Financial Services Authority of Ireland.$tAnnual report
=856  4\$uhttp://centralbank.ie/publications/Pages/corporate-publications.aspx$zFollow links to resource
=852  41$aBritish Library$bHMNTS$jDigital store$32014-
=985  \\$aNot 100% sure that e-only; publisher has sent a link to the e version but no evidence e-only, except Bodleain haven't got a copy of 2014 or 2015 either. Vague 776 added; VDEP ROI, so record suppressed.
=CAT  \\$a3072$b40$c20160609$lBLL01$h1130
=CAT  \\$a3072$b40$c20160609$lBLL01$h1140
=CAT  \\$a3072$b40$c20160609$lBLL01$h1506
=CAT  \\$a3072$b40$c20160609$lBLL01$h1555
=FIN  \\$aY$d20160609
=LET  \0$aCentral Bank annual report (Electronic)
=LKR  \\$aPAR$b015861786$lBLL01$r776$mCentral Bank annual report (Online)$nCentral Bank annual report (Print)
=STA  \\$aSUPPRESSED$bVoluntary Deposit
=LAS  \\$a3072$b40$c20160609$lBLL01$h1555

