=LDR  01697cas a2200445 i 4500
=001  018004277
=003  Uk
=005  20160916130443.0
=006  m\\\\\|\\d\|\\\\\\
=007  cr\|||||||||||
=008  160908c200u9999ie\gr\\\o\s\\o0\\\a0eng\\
=FMT  \\$a  SE
=015  \\$aGBB6C6788$2bnb
=040  \\$aUk$beng$cUk$erda
=042  \\$aukblsr
=082  04$a363.1196309417$223
=245  00$aFarm safety action plan
=264  \1$aDublin :$bHealth and Safety Authority
=310  \\$aEvery two years
=336  \\$atext$2rdacontent
=337  \\$acomputer$2rdamedia
=338  \\$aonline resource$2rdacarrier
=500  \\$aPrevious issue (2009/2012) catalogued as monograph$5Uk
=588  \\$aDescription based on: April 2014/March 2017 issue; title from PDF cover (publisher's Web site, viewed September 8, 2016).
=588  \\$aLatest issue consulted: 2016/2018 (viewed September 8, 2016).
=650  \0$aAgriculture$xAccidents$zIreland$xPrevention$vPeriodicals.
=650  \0$aAgriculture$zIreland$xSafety measures$vPeriodicals.
=650  \0$aAgriculture$xAccidents$zIreland$xStatistics$vPeriodicals.
=710  1\$aIreland.$bHealth and Safety Authority,$eissuing body.
=710  2\$aFarm Safety Partnership (Ireland)
=856  4\$uhttp://www.hsa.ie/eng/$zTo search
=852  41$aBritish Library$bHMNTS$jDigital store$3(2014/2017)-
=985  \\$aVDEP ROI, so record suppressed.
=CAT  \\$a3072$b40$c20160908$lBLL01$h1623
=CAT  \\$a3072$b40$c20160908$lBLL01$h1633
=CAT  \\$a7332$b40$c20160916$lBLL01$h1304
=CAT  \\$aBATCH-UPD$b40$c20160916$lBLL01$h1305
=FIN  \\$aY$d20160908
=STA  \\$aSUPPRESSED$bVoluntary Deposit
=LAS  \\$aBATCH-UPD$b40$c20160916$lBLL01$h1305

