=LDR  01777 cm a2200493 i 4500
=001  016601668
=003  Uk
=005  20140612162653.0
=006  m\\\\|\\\z\|\\\\\\
=007  cr\|||||||||||
=008  140113s2009\\\\enksnz\\o\\\\\\n\\\\zxx\\
=FMT  \\$a  MU
=040  \\$aUk$beng$cUk$erda
=042  \\$aukblsr
=082  04$a787.4183$223
=100  1\$aHinton, Alistair,$ecomposer.
=240  10$aSonatas,$mcello, piano,$nop. 37
=245  10$aSonata for 'cello and piano, op. 37 /$c[Alistair Hinton].
=264  \1$a[Bath] :$b[Sorabji Archive],$c[2009?]
=300  \\$a1 online resource (1 part (15 pages)) :$bPDF
=336  \\$anotated music$2rdacontent
=337  \\$acomputer$2rdamedia
=338  \\$aonline resource$2rdacarrier
=500  \\$aCello part only.
=500  \\$aComposed 1999.
=500  \\$aDedicated to Rohan de Saram.
=546  \\$bStaff notation.
=500  \\$aReproduced from holograph.
=600  10$aHinton, Alistair$vManuscripts$vFacsimiles.
=650  \0$aSonatas (Cello and piano)$vParts.
=650  \0$aMusic$vManuscripts$vFacsimiles.
=700  1\$aSaram, Rohan de,$ededicatee.
=856  42$uhttp://www.sorabji-archive.co.uk/hinton/scores.php$zScore available to purchase from the composer's website
=852  42$aBritish Library$bMUSIC$jDigital store
=CAT  \\$a12664$b40$c20140113$lBLL01$h1105
=CAT  \\$a12274$b40$c20140203$lBLL01$h1503
=CAT  \\$a11814$b40$c20140213$lBLL01$h1635
=CAT  \\$a11814$b40$c20140213$lBLL01$h1642
=CAT  \\$a12274$b40$c20140612$lBLL01$h1626
=CAT  \\$aBATCH-UPD$b40$c20170115$lBLL01$h2134
=CAT  \\$aW1711-1225$c20171203$lBLL01$h1055
=FIN  \\$aY$d20140213
=STA  \\$aSUPPRESSED$bunable to determine reason for suppression
=LAS  \\$aW1711-1225$b00$c20171203$lBLL01$h1055

