=LDR  02191 as a2200517 i 4500
=001  016660418
=003  Uk
=005  20190305155755.0
=006  m\\\\\|\\d\|\\\\\\
=007  cr||||||||||||
=008  140328d20122014enkqr\p\o\\\\\0\\\a0eng\\
=FMT  \\$a  SE
=015  \\$aGBB434713$2bnb
=040  \\$aUk$beng$cUk$dUk$erda
=042  \\$aukblsr
=082  04$a362.14$223
=245  00$aHealth Visitor Implementation Plan.$pQuarterly progress report.
=246  1\$iIssues for 2013- have Web page title:$aHealth visitor plan quarterly reports
=264  \1$aLondon :$bDepartment of Health,$c2012-2014.
=300  \\$billustrations (colour)
=310  \\$aQuarterly
=336  \\$atext$2rdacontent
=337  \\$acomputer$2rdamedia
=338  \\$aonline resource$2rdacarrier
=362  0\$aApril 2012-April 2014/September 2014.
=500  \\$aWeb site also includes associated HTML publication entitled: Health Visitor Programme : position statement & key achievements 2011-March 2015.
=500  \\$aTitle from PDF cover (gov.uk, viewed March 28, 2014).
=588  \\$aLatest issue consulted: April 2014/September 2014 (viewed March 5, 2019).
=650  \0$aCommunity health services for children$zGreat Britain$vPeriodicals.
=650  \0$aChild welfare workers$zGreat Britain$vPeriodicals.
=650  \0$aChild welfare workers$xTraining of$zGreat Britain$vPeriodicals.
=650  \0$aFamily nursing$zGreat Britain$vPeriodicals.
=690  7\$aSocial Welfare$2blcoll
=710  1\$aGreat Britain.$bDepartment of Health,$eissuing body.
=856  4\$uhttps://www.gov.uk/$zTo search
=852  41$aBritish Library$bHMNTS$jELD Digital store$3(2012:Apr.)-(2014:Apr./Sep.)
=CAT  \\$a11316$b40$c20140328$lBLL01$h0917
=CAT  \\$a11316$b40$c20140328$lBLL01$h0919
=CAT  \\$a11316$b40$c20140328$lBLL01$h0925
=CAT  \\$a11316$b40$c20140328$lBLL01$h0929
=CAT  \\$aW1711-1225$c20171203$lBLL01$h1055
=CAT  \\$a3072$b40$c20190305$lBLL01$h1557
=FIN  \\$aY$d20140328
=LET  \0$aHealth Visitor Implementation Plan. Quarterly progress report (Electronic)
=STA  \\$aSUPPRESSED$bunable to determine reason for suppression
=LAS  \\$a3072$b40$c20190305$lBLL01$h1557

