=LDR  02432cas a2200541 i 4500
=001  016697284
=003  Uk
=005  20161013104916.0
=006  m\\\\\|\\d\|\\\\\\
=007  cr||||||||||||
=008  140429c20109999enk\r\p\os\\\o0\\\a0eng\\
=FMT  \\$a  SE
=040  \\$aUk$beng$cUk$erda
=042  \\$aukblsr
=082  04$a304.640942021$223
=130  0\$aDeaths registered in England and Wales (Series DR)
=245  10$aDeaths registered in England and Wales in ..., by cause.
=246  1\$iWeb page title:$aMortality statistics: deaths registered in England and Wales (series DR)
=246  1\$iMinor title change:$aDeaths registered in England and Wales (Series DR),$f2011-
=264  \1$aFareham :$bOffice for National Statistics,$c2011-
=300  \\$billustrations (colour).
=310  \\$aAnnual
=336  \\$atext$2rdacontent
=337  \\$acomputer$2rdamedia
=338  \\$aonline resource$2rdacarrier
=362  0\$a2010-
=490  1\$aStatistical bulletin / Office for National Statistics
=500  \\$aTitle from PDF caption (publisher's Web site, viewed April 29, 2014).
=500  \\$aAccompanied on Web site by reference tables.
=588  \\$aLatest issue consulted: 2012 issue, published 22 October 2013 (viewed April 29, 2014).
=650  \0$aMortality$zEngland$vStatistics$vPeriodicals.
=650  \0$aMortality$zWales$vStatistics$vPeriodicals.
=651  \0$aEngland$vStatistics, Vital$vPeriodicals.
=651  \0$aWales$vStatistics, Vital$vPeriodicals.
=710  1\$aGreat Britain.$bOffice for National Statistics.
=710  2\$aUK Statistics Authority.
=780  00$tDeath registrations by cause in England and Wales
=787  0\$tMortality statistics. Deaths registered in ...$x1757-1375
=830  \0$aStatistical bulletin (Great Britain. Office for National Statistics)
=856  4\$uhttp://www.ons.gov.uk/ons/rel/vsob1/mortality-statistics--deaths-registered-in-england-and-wales--series-dr-/index.html$zFollow links to resource
=852  41$aBritish Library$bHMNTS$jELD Digital store$3(2010)-
=CAT  \\$a11316$b40$c20140429$lBLL01$h1550
=CAT  \\$a5194$b40$c20161013$lBLL01$h1049
=CAT  \\$aW1711-1225$c20171203$lBLL01$h1055
=FIN  \\$aY$d20140429
=LET  \0$aDeaths registered in England and Wales (Series DR. Statistical bulletin) (Electronic)
=STA  \\$aSUPPRESSED$bunable to determine reason for suppression
=LAS  \\$aW1711-1225$b00$c20171203$lBLL01$h1055

