=LDR  02118cas a2200553 i 4500
=001  017489724
=003  Uk
=005  20150916115507.0
=006  m\\\\\|\\d\|\\\\\\
=007  cr\|||||||||||
=008  150812c19959999ie\mr\p\o\\\\\0\\\a0eng\\
=FMT  \\$a  SE
=015  \\$aGBB5B1941$2bnb
=040  \\$aUk$beng$cUk$erda
=042  \\$aukblsr
=082  04$a615.7040287$223
=245  00$aDrug safety newsletter.
=246  3\$aHPRA drug safety newsletter
=246  3\$aHealthcare Products Regulatory Authority drug safety newsletter
=264  \1$aDublin :$bIrish Medicines Board
=264  31$a[Dublin] :$bHealthcare Products Regulatory Authority
=310  \\$aMonthly
=336  \\$atext$2rdacontent
=337  \\$acomputer$2rdamedia
=338  \\$aonline resource$2rdacarrier
=362  1\$aPrint began in 1995.
=588  \\$aDescription based on print version record.
=588  \\$aLatest issue consulted: 69 (July 2015) (viewed August 12, 2015).
=650  \0$aDrugs$xSafety measures$vPeriodicals.
=650  \0$aDrugs$xQuality control$vPeriodicals.
=650  \0$aDrugs$xSide effects$vPeriodicals.
=650  \0$aDrugs$xTesting$vPeriodicals.
=650  \0$aDrugs$xToxicology$vPeriodicals.
=710  2\$aIrish Medicines Board,$eissuing body.
=710  1\$aIreland.$bHealthcare Products Regulatory Authority,$eissuing body.
=776  08$iPrint version: -<2014>$tDrug safety newsletter
=856  4\$uhttps://www.hpra.ie/homepage/about-us/publications-forms/newsletters$zFollow links to resource
=852  41$aBritish Library$bHMNTS$jDigital store$3Number 66, (Feb.2015)-
=985  \\$aVDEP - Irish
=CAT  \\$a3072$b40$c20150812$lBLL01$h1657
=CAT  \\$a3072$b40$c20150812$lBLL01$h1658
=CAT  \\$a3072$b40$c20150812$lBLL01$h1718
=CAT  \\$a3072$b40$c20150812$lBLL01$h1719
=CAT  \\$a7332$b40$c20150916$lBLL01$h1155
=FIN  \\$aY$d20150812
=LET  \0$aHPRA drug safety newsletter (Electronic)
=LKR  \\$aPAR$b011164518$lBLL01$r776$mDrug safety newsletter.$nDrug safety newsletter /
=STA  \\$aSUPPRESSED$bIngested as issues
=LAS  \\$a7332$b40$c20150916$lBLL01$h1155

