=LDR  01699 as a2200433 i 4500
=001  017556973
=003  Uk
=005  20150925150634.0
=006  m\\\\\|\\d\|\\\\\\
=007  cr\|||||||||||
=008  150925d20052006enkar|p\o\s\\o0\\\a0eng\\
=FMT  \\$a  SE
=040  \\$aUk$beng$cUk$erda
=042  \\$aukblsr
=082  04$a371.33580941$223
=245  00$aTeachers' TV.$pAudience research findings.$pAnnual report.
=246  17$aIpsos MORI ... annual report
=264  \1$a[Londo] :$bIpsos UK,$c2006-
=300  \\$billustrations (colour)
=310  \\$aAnnual
=336  \\$atext$2rdacontent
=337  \\$acomputer$2rdamedia
=338  \\$aonline resource$2rdacarrier
=362  0\$aYear 1, final issue (February 8th/July 31st 2005)-year 2 (September 2005/July 2006).
=500  \\$aTitle from PDF cover.
=550  \\$aPrepared for: Teachers' TV Board of Governors, and Department for Education and Skills.
=588  \\$aLatest issue consulted: year 2 (September 2005/July 2006) (National Archives snapshot, taken on 12/06/2008).
=610  20$aTeachers TV (Television Channel)$vPeriodicals.
=650  \0$aTelevision in education$zGreat Britain$vPeriodicals.
=650  \0$aTelevision viewers$zGreat Britain$vStatistics$vPeriodicals.
=710  1\$aGreat Britain.$bDepartment for Education and Skills.
=710  2\$aTeachers TV (Television Channel)
=710  2\$aIpsos UK.
=856  4\$uhttp://webarchive.nationalarchives.gov.uk/$zTo search
=852  41$aBritish Library$bHMNTS$jELD Digital store$3Year 1(2005)-Year 2(2006)
=CAT  \\$a11316$b40$c20150925$lBLL01$h1506
=FIN  \\$aY$d20150925
=STA  \\$aSUPPRESSED$bIngested as issues
=LAS  \\$a11316$b40$c20150925$lBLL01$h1506

