=LDR  03421 as a2200709 a 4500
=001  015798540
=003  Uk
=005  20150924140239.0
=006  m\\\\\\\\d\|\\\\\\
=007  cr||||||||||||
=008  110503c20039999wlkar\\\o\\\\\0\\\a0wel\\
=015  \\$aGBB154173$2bnb
=040  \\$aUk$beng$cUk$dUk
=042  \\$aukblsr
=082  04$a364.8094294$222
=130  0\$aMulti-agency public protection arrangements annual report ... [South Wales].
=245  10$aTrefniadau amlasiantaethol ar gyfer diogelu'r cyhoedd$h[electronic resource] :$badroddiad blynyddol.
=246  13$aArdal de Cymru trefniadau amlasiantaethol ar gyfer diogelu'r cyhoedd
=246  13$aSouth Wales MAPPA
=246  13$aSouth Wales MAPPA annual report ... (Cymraeg)
=246  1\$iMinor title change:$aDe Cymru adroddiad blynyddol ... :$bMAPPA$f<2013/2014>-
=260  \\$a[South Wales] :$bCynlluniwyd ac Argraffwyd gan Adran Argraffu Heddlu De Cymru,$c[2004]-
=310  \\$aAnnual
=336  \\$atext$2rdacontent
=337  \\$acomputer$2rdamedia
=338  \\$aonline resource$2rdacarrier
=362  0\$a2003/2004-
=500  \\$aTitle from PDF cover (publisher's Web site, viewed May 3, 2011).
=515  \\$a2007/08 not published?
=538  \\$aMode of access: World Wide Web.
=538  \\$aSystem requirements: Adobe Acrobat Reader.
=550  \\$aPublished in association with: National Probation Service for England and Wales, South Wales.
=588  \\$aLatest issue consulted: 2013/2014 (GOV.UK, viewed September 24, 2015).
=650  \0$aOffenses against the person$zWales, South$xPrevention$vPeriodicals.
=650  \0$aViolent offenders$xRehabilitation$zWales, South$vPeriodicals.
=650  \0$aSex offenders$xRehabilitation$zWales, South$vPeriodicals.
=650  \0$aRecidivism$zWales, South$xPrevention$vPeriodicals.
=710  2\$aNational Probation Service for England and Wales.$bSouth Wales.
=710  2\$aSouth Wales Police.
=775  0\$tMulti-agency public protection arrangements annual report ... [South Wales]
=852  41$aBritish Library$bHMNTS$jELD Digital store$3(2013/2014)-(2015/2016)
=856  4\$uhttps://www.gov.uk/government/publications$zTo search
=856  4\$uhttp://webarchive.nationalarchives.gov.uk/20101123002005/http://probation.homeoffice.gov.uk/output/page30.asp$zFollow links to resource
=CAT  \\$a3072$b40$c20110503$lBLL01$h1702
=CAT  \\$a3072$b40$c20110504$lBLL01$h1338
=CAT  \\$a3072$b40$c20110504$lBLL01$h1339
=CAT  \\$a3072$b40$c20110504$lBLL01$h1346
=CAT  \\$a3072$b40$c20110504$lBLL01$h1348
=CAT  \\$a3072$b40$c20110504$lBLL01$h1702
=CAT  \\$a8201$b40$c20130604$lBLL01$h0852
=CAT  \\$a7778$b40$c20131227$lBLL01$h1353
=CAT  \\$a3072$b40$c20150924$lBLL01$h1400
=CAT  \\$a3072$b40$c20150924$lBLL01$h1401
=CAT  \\$a3072$b40$c20150924$lBLL01$h1402
=CAT  \\$aW1711-1225$c20171203$lBLL01$h1042
=FIN  \\$aY$d20110504
=FMT  \\$a  SE
=LAS  \\$aW1711-1225$b00$c20171203$lBLL01$h1042
=LET  \0$aArdal De Cymru trefniadau Amlasiantaethol ar gyfer Diogelu'r Cyhoedd = South Wales MAPPA (Electronic)
=LKR  \\$aPAR$b013587527$lBLL01$r775$mMulti-agency public protection arrangements annual report ... [South Wales]. Welsh$nMulti-agency public protection arrangements annual report ... [South Wales]
=STA  \\$aSUPPRESSED$bunable to determine reason for suppression
=TCO  \\$aCLA$bCLA$c008

