=LDR  01571cas a2200409 a 4500
=001  016021098
=003  Uk
=005  20120201111942.0
=006  m\\\\\\\\d\|\\\\\\
=007  cr||||||||||||
=008  120201c200u9999enkqr\p\s\s\\\0\\\a0eng\\
=FMT  \\$a  SE
=015  \\$aGBB210625$2bnb
=040  \\$aUk$beng$cUk
=042  \\$aukblsr
=082  04$a658.83430941$223
=245  00$aConsumers and the economic outlook$h[electronic resource] :$bquarterly update.
=260  \\$aLondon :$bMintel
=310  \\$aQuarterly
=336  \\$atext$2rdacontent
=337  \\$acomputer$2rdamedia
=338  \\$aonline resource$2rdacarrier
=538  \\$aMode of access: World Wide Web.
=538  \\$aSystem requirements: Adobe Acrobat Reader.
=500  \\$aTitle from PDF caption, quarterly update, July 2011 (email attachment, sent Jan. 4, 2012).
=650  \0$aMarket surveys$zGreat Britain$vPeriodicals.
=650  \0$aConsumer behavior$zGreat Britain$vPeriodicals.
=650  \0$aConsumer behavior$zGreat Britain$vStatistics$vPeriodicals.
=710  2\$aMintel International Group Ltd.
=856  4\$uhttp://academic.mintel.com/sinatra/oxygen_academic/search/$zTo search and subscribe
=852  41$aBritish Library$bSTI$jELD Digital store$3(2014:Oct.)-
=CAT  \\$a5997$b40$c20120201$lBLL01$h1119
=CAT  \\$aW1711-1225$c20171203$lBLL01$h1046
=FIN  \\$aY$d20120201
=LET  \0$aConsumers and the economic outlook - quarterly update - (Electronic)
=STA  \\$aSUPPRESSED$bunable to determine reason for suppression
=LAS  \\$aW1711-1225$b00$c20171203$lBLL01$h1046

