=LDR  02270cas a2200517 a 4500
=001  016197544
=003  Uk
=005  20191015102134.0
=006  m\\\\\\\\d\|\\\\\\
=007  cr||||||||||||
=008  121025c200u9999enkar\\\o\\\\o0\\\a0eng\\
=FMT  \\$a  SE
=015  \\$aGBB2A8399$2bnb
=040  \\$aUk$beng$cUk
=042  \\$aukblsr
=082  04$a352.140941$223
=130  0\$aCouncillor's guide (Local Government Association : Online)
=245  10$aCouncillor's guide$h[electronic resource] /$cLocal Government Association.
=246  1\$i2019/2020 issue entitled:$aGuidance for new councillors
=260  \\$aLondon :$bLocal Government Association
=310  \\$aAnnual
=336  \\$atext$2rdacontent
=337  \\$acomputer$2rdamedia
=338  \\$aonline resource$2rdacarrier
=538  \\$aMode of access: World Wide Web.
=538  \\$aSystem requirements: Adobe Acrobat Reader.
=588  \\$aDescription based on: 2012/2013 issue; title from PDF cover (publisher's Web site, viewed Oct. 25, 2012).
=650  \0$aLocal government$zGreat Britain$vHandbooks, manuals, etc.
=650  \0$aCity council members$zGreat Britain$vHandbooks, manuals, etc.
=650  \0$aCounty council members$zGreat Britain$vHandbooks, manuals, etc.
=690  7\$aManagement and Business Studies$2blcoll
=710  2\$aLocal Government Association (England and Wales)
=776  08$iAlso issued in print:$tCouncillor's guide
=856  4\$uhttp://www.local.gov.uk/search$zTo search
=852  41$aBritish Library$bHMNTS$jELD Digital store$3(2014/2015)-(2019/2020)
=985  \\$anot exactly clear if LGA counts as government and therefore collected in parallel to print.
=CAT  \\$a3072$b40$c20121025$lBLL01$h1647
=CAT  \\$a8483$b40$c20150701$lBLL01$h1109
=CAT  \\$a8483$b40$c20150701$lBLL01$h1110
=CAT  \\$aW1711-1225$c20171203$lBLL01$h1050
=CAT  \\$a8483$b40$c20191015$lBLL01$h1021
=FIN  \\$aY$d20121025
=LET  \0$aCouncillor's guide - Local Government Association (Electronic)
=LKR  \\$aPAR$b009919875$lBLL01$r776$mCouncillor's guide (Online)$nA councillor's guide : the essential guide for all new councillors (Print)
=STA  \\$aSUPPRESSED$bunable to determine reason for suppression
=LAS  \\$a8483$b40$c20191015$lBLL01$h1021

