=LDR  02181 as a2200541 i 4500
=001  017568791
=003  Uk
=005  20200316120323.0
=006  m\\\\\|\\d\|\\\\\\
=007  cr\|||||||||||
=008  151006c20159999ie\wr|p\o\\\\\0\\\a0eng\\
=FMT  \\$a  SE
=040  \\$aUk$beng$cUk$erda
=042  \\$aukblsr
=082  04$a351.41705$223
=130  0\$aWeekly newsletter (Public Affairs Ireland)
=245  10$aWeekly newsletter /$cPublic Affairs Ireland.
=246  1\$iWeb link title:$aPAI newsletter
=246  1\$iWeb site variant:$aPublic Affairs Ireland newsletter
=246  13$aPAI's weekly newsletter
=264  \1$a[Dublin] :$b[Public Affairs Ireland],$c2015-
=310  \\$aWeekly
=336  \\$atext$2rdacontent
=337  \\$acomputer$2rdamedia
=338  \\$aonline resource$2rdacarrier
=362  0\$aIssue 376 (week beginning 28/09/15)-
=500  \\$aTitle from PDF caption (publisher's Web site, viewed Ocober 6, 2015).
=500  \\$aFrom <2019> issued in HTML only.
=588  \\$aLatest issue consulted: issue 377 (week beginning 05/10/15) (viewed October 6, 2015).
=650  \0$aPolitical planning$zIreland$vPeriodicals.
=650  \0$aPublic administration$zIreland$vPeriodicals.
=651  \0$aIreland$xPolitics and government$vPeriodicals.
=710  2\$aPublic Affairs Ireland (Firm),$eissuing body.
=780  00$tPublic Affairs Ireland newsletter
=856  40$uhttp://www.publicaffairsireland.com/pai_updates
=856  00$uinfo@publicaffairsireland.com$zEmail subscription
=852  41$aBritish Library$bHMNTS$jDigital store$3Issue 376 (2015)-Issue 520 (2019)
=985  \\$aNow in HTML only 16/3/20
=CAT  \\$a11316$b40$c20151006$lBLL01$h1025
=CAT  \\$a11316$b40$c20151006$lBLL01$h1117
=CAT  \\$a11316$b40$c20151006$lBLL01$h1123
=CAT  \\$a11316$b40$c20151006$lBLL01$h1134
=CAT  \\$a8124$b40$c20200316$lBLL01$h1203
=FIN  \\$aY$d20151006
=LET  \0$aPublic Affairs Ireland weekly newsletter (Electronic)
=LKR  \\$aPAR$b016312137$lBLL01$nPublic Affairs Ireland weekly newsletter$mWeekly newsletter (Public Affairs Ireland)$r78000
=STA  \\$aSUPPRESSED$bVDEP
=LAS  \\$a8124$b40$c20200316$lBLL01$h1203

