=LDR  05079cas a2200853 a 4500
=001  015646278
=003  Uk
=005  20221019153715.0
=006  m\\\\\\\\d\|\\\\\\
=007  cr||||||||||||
=008  100520c200u9999enkqr\\\s\\\\o0\\\a0eng\\
=FMT  \\$a  SE
=015  \\$aGBB0A8998$2bnb
=040  \\$aUk$beng$cUk$dUk
=042  \\$aukblsr
=082  04$a363.232$223
=245  00$aOperation of police powers under the Terrorism Act 2000 and subsequent legislation$h[electronic resource] :$barrests, outcomes and stops & searches.$pQuarterly update to ...
=246  1\$iWeb link title:$aOperation of police powers under the Terrorism Act 2000 quarterly update
=246  1\$iWeb link title for March issues:$aOperation of police powers under the Terrorism Act 2000 financial year ending$fMarch 2014-
=246  1\$iAt head of Web page:$aOperation of police powers under the Terrorism Act 2000 statistics
=260  \\$aLondon :$bHome Office, Research, Development and Statistics Directorate
=264  31$aLondon :$bHome Office
=310  \\$aQuarterly
=336  \\$atext$2rdacontent
=337  \\$acomputer$2rdamedia
=338  \\$aonline resource$2rdacarrier
=490  1\$aHome Office statistical bulletin,$x1358-510X
=500  \\$aSubtitle varies: Arrests, outcomes and stops and searches <December 2011>; Arrests, outcomes, and stop and search, Great Britain, quarterly update to <September 2015>.
=500  \\$aAccompanied on Web site by associated PDFs/ HTMLs/Excel tables.
=500  \\$aMarch 2014 issue is in HTML format only.
=515  \\$aIssued in March, June, September and December; March issue has "Financial year ending" in the title.
=538  \\$aMode of access: World Wide Web.
=538  \\$aSystem requirements: Adobe Acrobat Reader.
=500  \\$aDescription based on: Sept. 2009 issue; title from PDF t.p. (publisher's Web site, viewed Sept. 9, 2010).
=500  \\$aLatest issue consulted: September 2015 (GOV.UK, viewed January 6, 2016).
=580  \\$aFrom 2014 absorbs: Operation of police powers under the Terrorism Act 2000 and subsequent legislation, as the March issue each year.
=588  \\$aLatest issue consulted: September 2015 issue, published December 2015 (GOV.UK, viewed January 6, 2016).
=650  \0$aArrest (Police methods)$zGreat Britain$vStatistics$vPeriodicals.
=650  \0$aSearches and seizures$zGreat Britain$vStatistics$vPeriodicals.
=650  \0$aPolice power$zGreat Britain$vStatistics$vPeriodicals.
=650  \0$aTerrorism$xPrevention$zGreat Britain$vStatistics$vPeriodicals.
=690  7\$aSocial Welfare$2blcoll
=710  1\$aGreat Britain.$bHome Office.$bResearch, Development and Statistics Directorate.
=780  15$tOperation of police powers under the Terrorism Act 2000 and subsequent legislation
=830  \0$aHome Office statistical bulletin (Online),$x1759-7005.
=856  40$uhttps://www.gov.uk/government/collections/operation-of-police-powers-under-the-terrorism-act-2000
=856  4\$uhttp://rds.homeoffice.gov.uk/rds/pubsstatistical.html$zTo search
=852  41$aBritish Library$bHMNTS$jELD Digital store$3(2012:Dec.)-(2020:Sep.)
=985  \\$aPROCESS HERE AS SERIAL & IGNORE MONO RECORDS E.G. 017996843B AND WORKFLOW TO BE LOOKED AT FOR DEALING WITH UNWANTED MONO RECORDS - GC 19/10/17.
=985  \\$aHTML only from december 2020
=985  \\$aSeemed best to ingest March "financial year ending" ones with other quarterly ones from March 2015 issue (2014 HTML only); previously designated by year - as accessioning easier and less likely to go wrong. Similar solution for 015547070.
=CAT  \\$a8201E$b40$c20100909$lBLL01$h1132
=CAT  \\$a8201E$b40$c20100909$lBLL01$h1136
=CAT  \\$a8201E$b40$c20100909$lBLL01$h1137
=CAT  \\$a8201E$b40$c20100916$lBLL01$h0940
=CAT  \\$a8201E$b40$c20100916$lBLL01$h0941
=CAT  \\$a10983$b40$c20130116$lBLL01$h1431
=CAT  \\$a6550$b40$c20151215$lBLL01$h1051
=CAT  \\$a3072$b40$c20160106$lBLL01$h1201
=CAT  \\$a3072$b40$c20160106$lBLL01$h1654
=CAT  \\$a3072$b40$c20160106$lBLL01$h1720
=CAT  \\$a3072$b40$c20160106$lBLL01$h1721
=CAT  \\$a3072$b40$c20160106$lBLL01$h1723
=CAT  \\$a3072$b40$c20160106$lBLL01$h1724
=CAT  \\$a3072$b40$c20160107$lBLL01$h1119
=CAT  \\$a3072$b40$c20171019$lBLL01$h1335
=CAT  \\$aW1711-1225$c20171203$lBLL01$h1039
=CAT  \\$a8124$b40$c20221019$lBLL01$h1537
=FIN  \\$aY$d20100909
=LET  \0$aOperation of police powers under the Terrorism Act 2000 and subsequent legislation: Arrests, outcomes, and stop and search, Great Britain Quarterly update (electronic)
=LKR  \\$aPAR$b015646265$lBLL01$r78005$mOperation of police powers under the Terrorism Act 2000 and subsequent legislation: arrests, outcomes and stops & searches. Quarterly update$nOperation of police powers under the Terrorism Act 2000 and subsequent legislation: arrests, outcomes and stops & searches.
=STA  \\$aSUPPRESSED$bunable to determine reason for suppression
=TCO  \\$aCLA$bCLA$c008
=LAS  \\$a8124$b40$c20221019$lBLL01$h1537

