=LDR  01794 am a2200481 a 4500
=001  013009149
=003  Uk
=005  20050216120204.0
=006  m\\\\|\\\d\|\\\\\\
=007  cr||||||||||||
=008  041007s2004\\\\enk\\\\\s\\\\o000\0\eng\\
=FMT  \\$a  BK
=015  \\$aGBA512929$2bnb
=020  \\$cNo price
=040  \\$aUk$beng$cUk
=042  \\$aukblsr
=082  04$a621.3190941$222
=245  00$aStability of networks with distributed generation and power converter interfaces$h[electronic resource] :$bfinal report /$cprepared by J-L Rasolonjanahary ... [et al.]
=260  \\$a[London :$bDTI],$c2004.
=336  \\$atext$2rdacontent
=337  \\$acomputer$2rdamedia
=338  \\$aonline resource$2rdacarrier
=538  \\$aMode of access: World Wide Web.
=538  \\$aSystem requirements: IBM compatible PC; Windows; Adobe Acrobat Reader.
=500  \\$aTitle from PDF title page.
=516  \\$aPDF format.
=500  \\$aURN no.: 04/1367.
=500  \\$aReport no. K/EL/00273/REP.
=650  \0$aElectric power distribution$zGreat Britain.
=650  \0$aElectric power production$zGreat Britain.
=700  1\$aRasolonjanahary, J.-L.
=710  1\$aGreat Britain.$bDepartment of Trade and Industry.
=856  40$uhttp://www.dti.gov.uk/energy/renewables/publications/pdfs/kel00273rep.pdf
=852  41$aBritish Library$bHMNTS$jDigital store
=985  \\$aRecord amended for WR# 13/070
=CAT  \\$a7750$b40$c20041007$lBLL01$h1613
=CAT  \\$a7332$b40$c20050215$lBLL01$h1238
=CAT  \\$a5194$b40$c20050216$lBLL01$h1202
=CAT  \\$aWR13_070$b00$c20130504$lBLL01$h0235
=CAT  \\$aW1711-1225$c20171203$lBLL01$h1020
=FIN  \\$aY$d20050215
=STA  \\$aSUPPRESSED$bunable to determine reason for suppression
=LAS  \\$aW1711-1225$b00$c20171203$lBLL01$h1020

