=LDR  01463 as a22004097a 4500
=001  013016699
=003  Uk
=005  20180620153442.0
=006  m\\\\\\\\d\|\\\\\\
=007  cr||||||||||||
=008  040417d200u201uenk\x\p\s\\\\\0\\\a0eng\\
=FMT  \\$a  SE
=022  0\$a1755-4705$202
=040  \\$aUk$beng$cUk$dUk
=042  \\$aissnuk
=130  0\$aEducation parliamentary monitor (Schools edition)
=222  \0$aEducation parliamentary monitor$b(Schools ed.)
=245  10$aEducation parliamentary monitor.$h[electronic resource].
=246  13$aEPM schools edition
=260  \\$aCrediton :$bEducation Publishing Worldwide
=336  \\$atext$2rdacontent
=337  \\$acomputer$2rdamedia
=338  \\$aonline resource$2rdacarrier
=856  40$uhttp://www.educationpublishing.com/subscriptions.html
=852  41$aBritish Library$bHMNTS$jELD Digital store$3Number 661( 2014:Jul. 28)-Number 694(2015:Mar 30)
=CAT  \\$a7750$b40$c20041019$lBLL01$h1057
=CAT  \\$a11249$b40$c20051028$lBLL01$h1139
=CAT  \\$a11316$b40$c20070723$lBLL01$h1603
=CAT  \\$a11316$b40$c20070723$lBLL01$h1605
=CAT  \\$a3072$b40$c20110915$lBLL01$h1704
=CAT  \\$a6537$b40$c20130320$lBLL01$h1518
=CAT  \\$aW1711-1225$c20171203$lBLL01$h1020
=CAT  \\$a3072$b40$c20180620$lBLL01$h1534
=FIN  \\$aY$d20070723
=STA  \\$aSUPPRESSED$bunable to determine reason for suppression
=TCO  \\$aCLA$bCLA$c008
=LAS  \\$a3072$b40$c20180620$lBLL01$h1534

