=LDR  01162cas a22003253a 4500
=001  013242862
=003  Uk
=005  20201127180754.0
=008  050630c\\\\9999\\\|\|p\\\\\\\\\\\a0eng\\
=FMT  \\$a  SE
=245  \4$aThe police gazette.
=260  \\$aLondon :$bPolice Gazette.
=336  \\$atext$2rdacontent
=337  \\$aunmediated$2rdamedia
=338  \\$avolume$2rdacarrier
=856  \\$uELD
=883  0\$aLanguage codes assigned by Bayesian analysis of words present in record$d20201028$qUk$c0.9010
=852  41$aBritish Library$bHMNTS$jELD Digital store$32013-
=985  \\$aUpgraded by BSS-generated file for WR2011-1472
=CAT  \\$a6524$b40$c20050630$lBLL01$h1058
=CAT  \\$a6524$b40$c20050630$lBLL01$h1337
=CAT  \\$a11249$b40$c20051107$lBLL01$h1437
=CAT  \\$aglobal_upd$b40$c20060416$lBLL01$h1523
=CAT  \\$aBATCH-UPD$b40$c20121031$lBLL01$h1323
=CAT  \\$a14412$b40$c20160308$lBLL01$h1416
=CAT  \\$aW1711-1225$c20171203$lBLL01$h1022
=CAT  \\$aW2011-1472$b00$c20201127$lBLL01$h1807
=STA  \\$aSUPPRESSED$bunable to determine reason for suppression
=TCO  \\$aZZZ$c008
=LAS  \\$aW2011-1472$b00$c20201127$lBLL01$h1807

