=LDR  01806 am a2200493 a 4500
=001  013374341
=003  Uk
=005  20060213085424.0
=006  m\\\\|\\\d\|\\\\\\
=007  cr||||||||||||
=008  060110s2001\\\\enk\\\\\s\\\\o000\0\eng\\
=FMT  \\$a  BK
=015  \\$aGBA622321$2bnb
=020  \\$cNo price
=040  \\$aUk$beng$cUk
=042  \\$aukblsr
=082  04$a509.41$222
=245  00$aStudy of science research infrastructure$h[electronic resource] :$bExecutive summary and recommendations.
=260  \\$a[London :$bDTI,$c2001].
=336  \\$atext$2rdacontent
=337  \\$acomputer$2rdamedia
=338  \\$aonline resource$2rdacarrier
=538  \\$aMode of access: World Wide Web.
=538  \\$aSystem requirements: Adobe Acrobat Reader.
=500  \\$aTitle from PDF title screen (viewed on 13 February, 2006)
=516  \\$aPDF format.
=500  \\$aPublisher's no.: URN 01/1743.
=650  \0$aResearch$zGreat Britain.
=650  \0$aScience and state$zGreat Britain.
=650  \0$aTechnology and state$zGreat Britain.
=710  1\$aGreat Britain.$bDepartment of Trade and Industry.
=856  40$uhttp://www.ost.gov.uk/research/funding/underinvest/sosri/summary.pdf?pubpdfdload=01%2F1743
=852  41$aBritish Library$bHMNTS$jDigital store
=985  \\$aRecord amended for WR# 13/070
=CAT  \\$a6524$b40$c20060110$lBLL01$h0823
=CAT  \\$a6524$b40$c20060110$lBLL01$h0824
=CAT  \\$a11249$b40$c20060112$lBLL01$h1250
=CAT  \\$a11281$b40$c20060213$lBLL01$h0854
=CAT  \\$aBATCH-UPD$b40$c20070723$lBLL01$h1611
=CAT  \\$aWR13_070$b00$c20130504$lBLL01$h0243
=CAT  \\$aW1711-1225$c20171203$lBLL01$h1023
=FIN  \\$aY$d20060213
=STA  \\$aSUPPRESSED$bunable to determine reason for suppression
=LAS  \\$aW1711-1225$b00$c20171203$lBLL01$h1023

