=LDR  01451 am a22003857a 4500
=001  013454163
=003  Uk
=005  20060508163424.0
=006  m\\\\|\\\d\|\\\\\\
=007  cr||||||||||||
=008  060425s2004\\\\enk||||\s||||o00|\0\eng\\
=FMT  \\$a  BK
=040  \\$aUk$beng$cUk
=245  00$aLong-term specialised training courses for studying and improving English for SNRCU (NSP/03-U8)$h[electronic resource] :$bnuclear safety programme.
=260  \\$a[London :$bDTI,$c2004]
=336  \\$atext$2rdacontent
=337  \\$acomputer$2rdamedia
=338  \\$aonline resource$2rdacarrier
=538  \\$aMode of access: World Wide Web.
=538  \\$aSystem requirements: Adobe Acrobat Reader.
=500  \\$aTitle from PDF title page (viewed 8 May, 2006)
=516  \\$aPDF format.
=500  \\$aPublisher's no.: URN 04/2246.
=710  1\$aGreat Britain.$bDepartment of Trade and Industry.
=856  40$uhttp://www.consumer.gov.uk/energy/nuclear/fsu/nsp03_u8.pdf
=852  41$aBritish Library$bHMNTS$jDigital store
=985  \\$aRecord amended for WR# 13/070
=CAT  \\$a7750$b40$c20060425$lBLL01$h1430
=CAT  \\$a7750$b40$c20060425$lBLL01$h1431
=CAT  \\$a8141$b40$c20060508$lBLL01$h1634
=CAT  \\$aWR13_070$b00$c20130504$lBLL01$h0244
=CAT  \\$aW1711-1225$c20171203$lBLL01$h1023
=FIN  \\$aY$d20060508
=STA  \\$aSUPPRESSED$bunable to determine reason for suppression
=LAS  \\$aW1711-1225$b00$c20171203$lBLL01$h1023

