=LDR  01892 am a2200517 a 4500
=001  009636312
=003  Uk
=005  20050603111342.0
=006  m\\\\|\\\d\|\\\\\\
=007  cr||||||||||||
=008  040423s2001\\\\stk|||||s||||o000|0|eng\\
=FMT  \\$a  BK
=015  \\$aGBA547556$2bnb
=040  \\$aUk$beng$cUk
=042  \\$aukblsr
=082  04$a362.6309411$222
=245  00$aProviding free personal care for older people$h[electronic resource] :$bresearch commissioned to inform the work of the Care Development Group /$cedited by Diane Machin and Danny McShane.
=260  \\$a[Edinburgh] :$bScottish Executive Central Research Unit,$c2001.
=336  \\$atext$2rdacontent
=337  \\$acomputer$2rdamedia
=338  \\$aonline resource$2rdacarrier
=538  \\$aMode of access: World Wide Web.
=538  \\$aSystem requirements: Adobe Acrobat Reader.
=500  \\$aTitle from PDF title page (viewed on 3 June, 2005)
=516  \\$aPDF format.
=650  \0$aOlder people$xHome care$zScotland.
=650  \0$aOlder people$xServices for$zScotland.
=700  1\$aMachin, Diane.
=700  1\$aMcShane, Danny.
=710  1\$aScotland.$bCentral Research Unit.
=856  4\$uhttp://www.scotland.gov.uk/cru/kd01/red/pfpc.pdf
=852  41$aBritish Library$bHMNTS$jDigital store
=957  \\$r10/4/03
=AQN  \\$aVOLUNTARY DEPOSIT
=CAT  \\$aCONV$b00$c20040425$lBLL90$h0922
=CAT  \\$aCONV$b00$c20040502$lBLL01$h1331
=CAT  \\$a11281$b40$c20050603$lBLL01$h1105
=CAT  \\$a11281$b40$c20050603$lBLL01$h1106
=CAT  \\$a11281$b40$c20050603$lBLL01$h1113
=CAT  \\$aBATCH$b00$c20091209$lBLL01$h2239
=CAT  \\$aW1711-1225$c20171203$lBLL01$h1019
=FIN  \\$aY$d20050603
=LDO  \\$aLDO$bebk
=SRC  \\$aLDS01$bbiblm.200404.2.aa
=STA  \\$aSUPPRESSED$bunable to determine reason for suppression
=LAS  \\$aW1711-1225$b00$c20171203$lBLL01$h1019

