=LDR  01794 am a2200505 a 4500
=001  008295915
=003  Uk
=005  20050331154942.0
=006  m\\\\|\\\d\|\\\\\\
=007  co|bn\|||a||||
=008  040423s2004\\\\enk\\\\\s\\\\\000\0\eng\\
=FMT  \\$a  BK
=015  \\$aGBA527356$2bnb
=040  \\$aUk$beng$cUk
=042  \\$aukblsr
=082  04$a362.7086940941$222
=100  1\$aBrewer, Mike,$d1975-
=245  10$aWill the government hit its child poverty target in 2004-05?$h[electronic resource] /$cMike Brewer.
=260  \\$aLondon :$bInstitute for Fiscal Studies,$cc2004.
=336  \\$atext$2rdacontent
=337  \\$acomputer$2rdamedia
=338  \\$acomputer disc$2rdacarrier
=490  1\$aBriefing note ;$vno. 47
=538  \\$aMode of access: World Wide Web.
=538  \\$aSystem requirements: IBM compatible PC; Windows; Adobe Acrobat Reader.
=500  \\$aTitle from PDF title screen.
=516  \\$aPDF format.
=650  \0$aPoor children$xGovernment policy$zGreat Britain.
=650  \0$aPoverty$xGovernment policy$zGreat Britain.
=710  2\$aInstitute for Fiscal Studies (Great Britain)
=830  \0$aBriefing note (Institute for Fiscal Studies) ;$v47.
=856  40$uhttp://www.ifs.org.uk/bns/bn47.pdf
=852  41$aBritish Library$bHMNTS$jDigital store
=957  \\$r12/3/04
=AQN  \\$aVOLUNTARY DEPOSIT
=CAT  \\$aCONV$b00$c20040425$lBLL90$h0920
=CAT  \\$aCONV$b00$c20040502$lBLL01$h1246
=CAT  \\$a7332$b40$c20050331$lBLL01$h1549
=CAT  \\$aBATCH$b00$c20091209$lBLL01$h0113
=CAT  \\$aW1711-1225$c20171203$lBLL01$h1018
=FIN  \\$aY$d20050331
=LDO  \\$aLDO$bebk
=SRC  \\$aLDS01$bbiblm.200404.2.aa
=STA  \\$aSUPPRESSED$bunable to determine reason for suppression
=LAS  \\$aW1711-1225$b00$c20171203$lBLL01$h1018

