=LDR  02349 am a2200601 a 4500
=001  007728844
=003  Uk
=005  20170619145207.0
=007  c|||||
=008  030211s2002\\\\enk\\\\|s\\\\\000\||eng\\
=FMT  \\$a  BK
=015  \\$aGBA314823$2bnb
=019  y\$abA314823
=019  9\$a185449581x
=020  \\$a185449581X :$cNo price
=039  0\$a2731
=040  \\$aUk$cUk
=082  04$a332.67309177$221
=100  1\$aDriffield, Nigel L.
=245  10$aDoes the motivation for foreign direct investment affect productivity spillovers to the domestic sector?$h[electronic resource] /$cby Nigel Driffield & James H. Love.
=260  \\$aBirmingham :$bAston Business School Research Institute,$c2002.
=336  \\$atext$2rdacontent
=337  \\$acomputer$2rdamedia
=490  1\$aAston Business School research papers ;$vRP0202
=500  \\$aTitle from title screen.
=504  \\$aIncludes bibliographical references.
=516  \\$aIn PDF format
=538  \\$aMode of access: Available via Internet.
=650  \0$aTechnology transfer$zOECD countries.
=650  \0$aInvestments, Foreign$zOECD countries.
=650  \0$aIndustrial productivity$zOECD countries.
=650  \0$aInternational business enterprises$zOECD countries.
=700  1\$aLove, James H.$q(James Hamilton),$d1956-
=710  2\$aAston Business School.$bResearch Institute.
=856  40$uhttp://research.abs.aston.ac.uk/working_papers/0202.pdf
=886  2\$2ukmarc$a900$b10$aDriffield$hN.$kNigel$xSee$aDriffield, Nigel L.$z100
=886  2\$2ukmarc$a900$b10$aLove$hJames H.$xSee$aLove, J. H.$z700
=830  \0$aAston Business School research papers ;$vRP0202.
=852  41$aBritish Library$bHMNTS$jDigital store
=CAT  \\$aCONV$b00$c20040425$lBLL90$h0541
=CAT  \\$aCONV$b00$c20040502$lBLL01$h1230
=CAT  \\$aUE-01$b00$c20060203$lBLL01$h1318
=CAT  \\$a7332$b40$c20060427$lBLL01$h1126
=CAT  \\$aBATCH$b00$c20091119$lBLL01$h0137
=CAT  \\$aBATCH$b00$c20091216$lBLL01$h2326
=CAT  \\$aBATCH-UPD$b00$c20100910$lBLL01$h2019
=CAT  \\$a10902$b40$c20170619$lBLL01$h1452
=CAT  \\$aW1711-1225$c20171203$lBLL01$h1018
=FIN  \\$aY
=LEO  \\$aMP5.0000405912
=SRC  \\$aBNB03$bbibmp5.200404.2.aa
=STA  \\$aSUPPRESSED$bunable to determine reason for suppression
=LAS  \\$aW1711-1225$b00$c20171203$lBLL01$h1018

