=LDR  02094 am a2200553 a 4500
=001  007728846
=003  Uk
=005  20170619145534.0
=007  c|||||
=008  030306s2002\\\\enk\\\\|s\\\\\000\||eng\\
=FMT  \\$a  BK
=015  \\$aGBA314891$2bnb
=019  y\$abA314891
=019  9\$a1854495860
=020  \\$a1854495860 :$cNo price
=039  0\$a2733
=040  \\$aUk$cUk
=082  04$a658.40360285$221
=100  1\$aShaw, Duncan,$d1974-
=245  10$aEvaluating electronic brainstorming using new techniques to analyse the brainstormed ideas$h[electronic resource] /$cby Duncan Shaw.
=260  \\$aBirmingham :$bAston Business School Research Institute,$c2002.
=336  \\$atext$2rdacontent
=337  \\$acomputer$2rdamedia
=490  1\$aAston Business School research papers ;$vRP0203
=500  \\$aTitle from title screen.
=504  \\$aIncludes bibliographical references.
=516  \\$aIn PDF format
=538  \\$aMode of access: Available via Internet.
=650  \0$aGroup decision making$xData processing$xEvaluation.
=650  \0$aBrainstorming$xData processing$xEvaluation.
=650  \0$aDecision support systems$xEvaluation.
=710  2\$aAston Business School.$bResearch Institute.
=856  40$uhttp://research.abs.aston.ac.uk/working_papers/0203.pdf
=886  2\$2ukmarc$a900$b10$aShaw$hD.$kDuncan$c1974-$xSee$aShaw, Duncan,$x1974-$z100
=830  \0$aAston Business School research papers ;$vRP0203.
=852  41$aBritish Library$bHMNTS$jDigital store
=CAT  \\$aCONV$b00$c20040425$lBLL90$h0541
=CAT  \\$aCONV$b00$c20040502$lBLL01$h1230
=CAT  \\$aUE-01$b00$c20060203$lBLL01$h1318
=CAT  \\$aBATCH$b00$c20091119$lBLL01$h0137
=CAT  \\$aBATCH$b00$c20091216$lBLL01$h2326
=CAT  \\$aBATCH-UPD$b00$c20100910$lBLL01$h2019
=CAT  \\$a10902$b40$c20170619$lBLL01$h1455
=CAT  \\$aW1711-1225$c20171203$lBLL01$h1018
=FIN  \\$aY
=LEO  \\$aMP5.0000405914
=SRC  \\$aBNB03$bbibmp5.200404.2.aa
=STA  \\$aSUPPRESSED$bunable to determine reason for suppression
=LAS  \\$aW1711-1225$b00$c20171203$lBLL01$h1018

