=LDR  02190 am a2200577 a 4500
=001  007728847
=003  Uk
=005  20170619145741.0
=007  c|||||
=008  030211s2001\\\\enk\\\\|s\\\\\000\||eng\\
=FMT  \\$a  BK
=015  \\$aGBA314876$2bnb
=019  y\$abA314876
=019  9\$a1854495917
=020  \\$a1854495917 :$cNo price
=039  0\$a2731
=040  \\$aUk$cUk
=082  04$a382.609415$221
=100  1\$aRoper, Stephen.
=245  14$aThe determinants of export performance$h[electronic resource] :$bpanel data evidence for Irish manufacturing plants /$cStephen Roper & James H. Love.
=260  \\$aBirmingham :$bAston Business Research Institute,$c2002.
=336  \\$atext$2rdacontent
=337  \\$acomputer$2rdamedia
=490  1\$aAston Business School research papers ;$vRP0204
=500  \\$aTitle from title screen.
=504  \\$aIncludes bibliographical references.
=516  \\$aIn PDF format
=538  \\$aMode of access: Available via Internet.
=650  \0$aManufacturing industries$zNorthern Ireland.
=650  \0$aManufacturing industries$zIreland.
=650  \0$aExports$zNorthern Ireland$xEconometric models.
=650  \0$aExports$zIreland$xEconometric models.
=700  1\$aLove, James H.$q(James Hamilton),$d1956-
=856  40$uhttp://research.abs.aston.ac.uk/working_papers/0204.pdf
=886  2\$2ukmarc$a900$b10$aRoper$hS.$xSee$aRoper, Stephen$z100
=886  2\$2ukmarc$a900$b10$aLove$hJames H.$xSee$aLove, J. H.$z700
=830  \0$aAston Business School research papers ;$vRP0204.
=852  41$aBritish Library$bHMNTS$jDigital store
=CAT  \\$aCONV$b00$c20040425$lBLL90$h0541
=CAT  \\$aCONV$b00$c20040502$lBLL01$h1230
=CAT  \\$a7332$b40$c20060427$lBLL01$h1126
=CAT  \\$aBATCH$b00$c20091119$lBLL01$h0137
=CAT  \\$aBATCH$b00$c20091216$lBLL01$h2326
=CAT  \\$aBATCH-UPD$b00$c20100910$lBLL01$h2019
=CAT  \\$a10902$b40$c20170619$lBLL01$h1457
=CAT  \\$aW1711-1225$c20171203$lBLL01$h1018
=FIN  \\$aY
=LEO  \\$aMP5.0000405915
=SRC  \\$aBNB03$bbibmp5.200404.2.aa
=STA  \\$aSUPPRESSED$bunable to determine reason for suppression
=LAS  \\$aW1711-1225$b00$c20171203$lBLL01$h1018

