=LDR  01747cas a2200469 i 4500
=001  019547748
=003  Uk
=005  20190919115934.0
=006  m\\\\\|\\d\|\\\\\\
=007  cr\|||||||||||
=008  190919c20129999ie\ar\p\o\\\\\0\\\a0eng\\
=FMT  \\$a  SE
=040  \\$aUk$beng$cUk$erda
=042  \\$aissnuk$aukblsr
=082  04$a385.09415$223
=110  2\$aIrish Rail,$eauthor.
=245  10$aAnnual report /$cIarnród Éireann, Irish Rail.
=246  1\$i2016 entitled:$aAnnual report and financial statements
=264  \1$a[Dublin] :$bIarnród Éireann
=300  \\$billustrations (colour)
=310  \\$aAnnual
=336  \\$atext$2rdacontent
=337  \\$acomputer$2rdamedia
=338  \\$aonline resource$2rdacarrier
=362  0\$a2012-
=500  \\$aTitle from PDF cover (Irish Rail Web site, viewed September 19, 2019).
=546  \\$aIrish language edition is entitled: Tuarascáil Bhliantúil.
=588  \\$aLatest issue consulted: 2018 (viewed September 19, 2019).
=610  20$aIrish Rail$vPeriodicals.
=610  20$aIrish Rail$xFinance$vPeriodicals.
=780  00$aIrish Rail.$tAnnual report and financial statements
=856  40$uhttp://www.irishrail.ie/about-us/annual-reports
=852  41$aBritish Library$bHMNTS$jDigital store$3(2012)-
=CAT  \\$a8483$b40$c20190919$lBLL01$h1016
=CAT  \\$a8483$b40$c20190919$lBLL01$h1020
=CAT  \\$a8483$b40$c20190919$lBLL01$h1039
=CAT  \\$a15190$b40$c20190919$lBLL01$h1159
=FIN  \\$aY$d20190919
=LET  \0$aAnnual report - Irish Rail
=LKR  \\$aPAR$b013438622$lBLL01$r78000$mAnnual report / Irish Rail$nAnnual report and financial statements / Irish Rail
=STA  \\$aSUPPRESSED$bVoluntary Deposit
=LAS  \\$a15190$b40$c20190919$lBLL01$h1159

