=LDR  01550 am a2200421 i 4500
=001  016258719
=003  Uk
=005  20130422135201.0
=006  m\\\\||\\d\|\\\\\\
=007  cr\|||||||||||
=008  130124s2009\\\\enk\\\\\ob\\\o000\0\eng\\
=FMT  \\$a  BK
=015  \\$aGBB340224$2bnb
=040  \\$aUk$beng$cUk$erda
=042  \\$aukblsr
=082  04$a363.61$223
=245  00$aAlternative ways to allocate water :$bFinal report.
=264  \1$aBristol :$bEnvironment Agency,$c[2009]
=300  \\$a1 online resource (37 pages)
=336  \\$atext$2rdacontent
=337  \\$acomputer$2rdamedia
=338  \\$aonline resource$2rdacarrier
=500  \\$a"GEHO0109BPFJ-E-E."
=504  \\$aIncludes bibliographical references.
=588  \\$aDescription based on online resource; title from PDF cover page (viewed on April 22, 2013).
=650  \0$aWater-supply$zEngland$xManagement.
=650  \0$aWater-supply$zWales$xManagement.
=650  \0$aWater utilities$zEngland.
=650  \0$aWater utilities$zWales.
=710  1\$aGreat Britain.$bEnvironment Agency,$eissuing body.
=856  40$uhttp://a0768b4a8a31e106d8b0-50dc802554eb38a24458b98ff72d550b.r19.cf3.rackcdn.com/geho0109bpfj-e-e.pdf
=852  41$aBritish Library$bHMNTS$jDigital storeDigital store
=CAT  \\$a12664$b40$c20130124$lBLL01$h1157
=CAT  \\$a12167$b40$c20130422$lBLL01$h1352
=CAT  \\$aW1711-1225$c20171203$lBLL01$h1052
=FIN  \\$aY$d20130422
=STA  \\$aSUPPRESSED$bunable to determine reason for suppression
=LAS  \\$aW1711-1225$b00$c20171203$lBLL01$h1052

