=LDR  01103 am a22002773i 4500
=001  016283379
=003  Uk
=005  20130226093332.0
=006  m\\\\||\\d\|\\\\\\
=007  cr\|||||||||||
=008  130226s2013\\\\enk\\\\\o\\\\\0|0\0|eng\\
=FMT  \\$a  BK
=245  \0$aPerformance Standard for Organisations Undertaking Sampling and Chemical Testing of Water :$bPart 1 : Sampling and chemical testing of untreated sewage, treated sewage effluents and trade effluents.
=250  \\$aVersion 2
=264  \1$aBristol :$bEnvironment Agency,$c2013.
=336  \\$atext$2rdacontent
=337  \\$acomputer$2rdamedia
=338  \\$aonline resource$2rdacarrier
=500  \\$a"LIT 3997."
=856  40$uhttp://a0768b4a8a31e106d8b0-50dc802554eb38a24458b98ff72d550b.r19.cf3.rackcdn.com/LIT_3997_ee5232.pdf
=852  41$aBritish Library$bHMNTS$jDigital store
=CAT  \\$a12664$b40$c20130226$lBLL01$h0932
=CAT  \\$a12664$b40$c20130226$lBLL01$h0933
=CAT  \\$aW1711-1225$c20171203$lBLL01$h1052
=STA  \\$aSUPPRESSED$bunable to determine reason for suppression
=LAS  \\$aW1711-1225$b00$c20171203$lBLL01$h1052

