=LDR  01909 am a2200481 i 4500
=001  016289579
=003  Uk
=005  20170822113939.0
=006  m\\\\||\\d\|\\\\\\
=007  cr\|||||||||||
=008  130228s2013\\\\enkb\\\\o\\\\o000\0\eng\\
=FMT  \\$a  BK
=015  \\$aGBB358487$2bnb
=040  \\$aUk$beng$cUk$erda
=042  \\$aukblsr
=082  04$a354.363$223
=110  1\$aGreat Britain.$bEnvironment Agency,$eauthor.
=245  10$aBroadland Abstraction Licensing Strategy :$bFebruary 2013 : a licensing strategy to manage water resources sustainably.
=264  \1$aBristol :$bThe Environment Agency,$c[2013]
=300  \\$a1 online resource (37 pages) :$bmaps (colour)
=336  \\$atext$2rdacontent
=337  \\$acomputer$2rdamedia
=338  \\$aonline resource$2rdacarrier
=500  \\$a"LIT 7743."
=588  \\$aDescription based on online resource; title from PDF cover page (viewed on July 8, 2013).
=650  \0$aWater resources development$zEngland$zBroads, The.
=650  \0$aWater rights$zEngland$zBroads, The.
=650  \0$aWater use$xGovernment policy$zEngland$zBroads, The.
=650  \0$aLicenses$zBroads, The (England)
=856  40$uhttp://a0768b4a8a31e106d8b0-50dc802554eb38a24458b98ff72d550b.r19.cf3.rackcdn.com/Broadland_3.9_89895f.pdf
=852  41$aBritish Library$bHMNTS$jDigital store
=CAT  \\$a12664$b40$c20130228$lBLL01$h1354
=CAT  \\$a12167$b40$c20130708$lBLL01$h1424
=CAT  \\$a12167$b40$c20130708$lBLL01$h1447
=CAT  \\$a12167$b40$c20130709$lBLL01$h0943
=CAT  \\$aWR14.047$c20140417$lBLL01$h1646
=CAT  \\$aW1611-0868$c20161114$lBLL01$h1414
=CAT  \\$a10902$b40$c20170508$lBLL01$h1420
=CAT  \\$a10902$b40$c20170822$lBLL01$h1139
=CAT  \\$aW1711-1225$c20171203$lBLL01$h1052
=FIN  \\$aY$d20130708
=STA  \\$aSUPPRESSED$bunable to determine reason for suppression
=LAS  \\$aW1711-1225$b00$c20171203$lBLL01$h1052

