=LDR  01801 am a2200457 i 4500
=001  016413681
=003  Uk
=005  20151013143040.0
=006  m||||||||d||||||||
=007  cr||||||||||||
=008  140416s2012\\\\enkab\\\o|\\\\000\0\eng|d
=FMT  \\$a  BK
=015  \\$aGBB4E0658$2bnb
=040  \\$aStDuBDS$beng$cStDuBDS$erda$epn
=042  \\$aukblsr
=082  04$a332.673096$223
=110  2\$aEconomist Intelligence Unit (Great Britain),$eauthor.
=245  10$aInto Africa :$bemerging opportunities for business : a special report from the Economist Intelligence Unit.
=264  \1$a[London] :$bEconomist Intelligence Unit,$c[2012]
=264  \4$c©2012
=300  \\$a1 online resource (20 pages) :$billustrations (colour), map (colour)
=336  \\$atext$2rdacontent
=336  \\$astill image$2rdacontent
=336  \\$acartographic image$2rdacontent
=337  \\$acomputer$2rdamedia
=338  \\$aonline resource$2rdacarrier
=588  \\$aDescription based on online resource; title from PDF title page (viewed on April 17, 2014).
=650  \0$aInvestments, Foreign$zAfrica.
=651  \0$aAfrica$xEconomic conditions$y1960-
=856  40$uhttp://www.eiu.com/Handlers/WhitepaperHandler.ashx?fi=Into_Africa_report_June_2012.pdf&mode=wp&campaignid=IntoAfrica2012
=852  41$aBritish Library$bHMNTS$jELD Digital store
=985  \\$aNETCAT record
=CAT  \\$a10983$b40$c20130516$lBLL01$h1158
=CAT  \\$aWR14.047$c20140417$lBLL01$h1646
=CAT  \\$aBATCH-SURR$b00$c20141204$lBLL01$h1632
=CAT  \\$a11279$b40$c20151013$lBLL01$h1430
=CAT  \\$aW1711-1225$c20171203$lBLL01$h1053
=FIN  \\$aY$d20141204
=SRC  \\$aNETCAT$bNETCATEM.mrc.20141204
=STA  \\$aSUPPRESSED$bunable to determine reason for suppression
=LAS  \\$aW1711-1225$b00$c20171203$lBLL01$h1053

