=LDR  02389cas a2200553 i 4500
=001  017751733
=003  Uk
=005  20160229114958.0
=006  m\\\\\|\\d\|\\\\\\
=007  cr\|||||||||||
=008  160225c201u9999ie\ar\\\o\\\\\0\\\a0eng\\
=FMT  \\$a  SE
=015  \\$aGBB628705$2bnb
=040  \\$aUk$beng$cUk$erda
=042  \\$aukblsr
=082  04$a636.132$223
=245  00$aIrish classification.
=246  1\$iWeb link title:$aWTR rankings
=246  13$aIrish classifications
=246  1\$iIssues from some providers have title:$aIrish, European & world thoroughbred rankings
=264  \1$a[Ireland] :$bTurf Club
=310  \\$aAnnual
=336  \\$atext$2rdacontent
=337  \\$acomputer$2rdamedia
=338  \\$aonline resource$2rdacarrier
=500  \\$a2013-2014 issues lack title page.
=588  \\$aDescription based on: 2015 issue; title from PDF caption (publisher's Web site, viewed February 25, 2016).
=650  \0$aThoroughbred horse$zIreland$vDirectories.
=650  \0$aThoroughbred horse$vDirectories.
=650  \7$aThoroughbred horse.$2fast$0(OCoLC)fst01150238
=651  \7$aIreland.$2fast$0(OCoLC)fst01205427
=655  \7$aDirectories.$2fast$0(OCoLC)fst01423796
=710  2\$aTurf Club (Dublin, Ireland),$eissuing body.
=780  00$tIrish, European & world thoroughbred rankings
=856  4\$uhttp://www.turfclub.ie/web/
=852  41$aBritish Library$bHMNTS$jDigital store$32015-
=985  \\$aRAS (Racing Administration Service)/Horse Racing Ireland has 2015 issue under "Flat classification" entitled: Irish, European & world thoroughbred rankings: no body name on publn; assumed Turf Club version is official one: http://info.hri-racing.ie/Content/RAS/default.aspx?wid=4
=CAT  \\$a3072$b40$c20160225$lBLL01$h1134
=CAT  \\$a3072$b40$c20160225$lBLL01$h1153
=CAT  \\$a3072$b40$c20160225$lBLL01$h1356
=CAT  \\$a3072$b40$c20160225$lBLL01$h1400
=CAT  \\$a3072$b40$c20160225$lBLL01$h1457
=CAT  \\$a3072$b40$c20160225$lBLL01$h1531
=CAT  \\$a3072$b40$c20160229$lBLL01$h1149
=FIN  \\$aY$d20160229
=LET  \0$aIrish classification (European & world thoroughbred rankings) (Electronic)
=LKR  \\$aPAR$b016957191$lBLL01$r78000$mIrish classification (Online)$nIrish, European & world thoroughbred rankings (Print)
=STA  \\$aSUPPRESSED$bIngested as issues
=LAS  \\$a3072$b40$c20160229$lBLL01$h1149

