=LDR  01758 am a2200445 i 4500
=001  017757533
=003  Uk
=005  20170120085711.0
=006  m\\\\||\\d\|\\\\\\
=007  cr\|||||||||||
=008  160302s2014\\\\ie\a\\\\ob\\\\000\0\eng\\
=FMT  \\$a  BK
=015  \\$aGBB6C1976$2bnb
=020  \\$z9780992876333
=040  \\$aUk$beng$cUk$erda
=042  \\$aukblsr
=082  04$a371.82694094183$223
=100  1\$aBiggart, Andy,$eauthor.
=245  12$aA Longitudinal Follow-up Study of the Doodle Den After-school Programme /$cAndy Biggart, Seaneen Sloan and Liam O'Hare of the Centre for Effective Education, Queen's University Belfast.
=264  \1$aDublin :$bChildhood Development Initiative,$c2014.
=300  \\$a1 online resource (20 pages) :$billustrations (colour)
=336  \\$atext$2rdacontent
=337  \\$acomputer$2rdamedia
=338  \\$aonline resource$2rdacarrier
=504  \\$aIncludes bibliographical references.
=650  \0$aAfter-school programs$zIreland$zTallaght$xEvaluation.
=650  \0$aChildren with social disabilities$zIreland$zTallaght.
=651  \0$aTallaght (Ireland)$xSocial conditions.
=700  1\$aSloan, Seaneen,$eauthor.
=700  1\$aO'Hare, Liam,$eauthor.
=710  2\$aChildhood Development Initiative,$epublisher.
=856  40$uhttp://www.twcdi.ie/images/uploads/general/Doodle_Den_Longitudinal_Follow-up.pdf
=852  41$aBritish Library$bHMNTS$jDigital store
=CAT  \\$a10902$b40$c20160302$lBLL01$h1448
=CAT  \\$a7332$b40$c20160905$lBLL01$h0730
=CAT  \\$a7332$b40$c20170120$lBLL01$h0857
=CAT  \\$aW1711-1225$c20171203$lBLL01$h1057
=FIN  \\$aY$d20160905
=STA  \\$aSUPPRESSED$bunable to determine reason for suppression
=LAS  \\$aW1711-1225$b00$c20171203$lBLL01$h1057

