=LDR  02109 am a2200505 i 4500
=001  016480284
=003  Uk
=005  20170918121632.0
=006  m\\\\||\\d\|\\\\\\
=007  cr\|||||||||||
=008  130823s2013\\\\stka\\\\ob\\\|0|0\0|eng\\
=FMT  \\$a  BK
=015  \\$aGBB383791$2bnb
=040  \\$aUk$beng$cUk$erda
=042  \\$aukblsr
=082  04$a363.6109411$223
=110  2\$aScottish Environment Protection Agency,$eauthor.
=245  14$aThe future for Scotland's waters :$bguiding principles on the technical requirements of the Water Framework Directive /$ca consultation document issued by the Scottish Environment Protection Agency.
=264  \1$aStirling :$bScottish Environment Protection Agency,$c[2013?]
=300  \\$a1 online resource (80 pages) :$billustrations (colour)
=336  \\$atext$2rdacontent
=337  \\$acomputer$2rdamedia
=338  \\$aonline resource$2rdacarrier
=500  \\$a"May 2002."
=504  \\$aIncludes bibliographical references.
=530  \\$aAlso isued in print format.
=588  \\$aDescription based on online resource; title from PDF cover page (viewed on September 12, 2013).
=650  \0$aWater quality$zScotland.
=650  \0$aWater quality management$zScotland.
=650  \0$aBodies of water$zScotland$xClassification.
=650  \0$aWater quality$zScotland$xMeasurement.
=650  \0$aWater$xLaw and legislation$zScotland.
=856  40$uhttp://www.sepa.org.uk/water/water_publications/idoc.ashx?docid=16d1f03a-e19c-4069-a247-8db6b86589f3&version=-1
=852  41$aBritish Library$bHMNTS$jDigital store
=CAT  \\$a12664$b40$c20130823$lBLL01$h1038
=CAT  \\$a12664$b40$c20130823$lBLL01$h1049
=CAT  \\$a12664$b40$c20130823$lBLL01$h1115
=CAT  \\$a8141$b40$c20130912$lBLL01$h1136
=CAT  \\$aWR14.047$c20140417$lBLL01$h1646
=CAT  \\$aW1611-0868$c20161114$lBLL01$h1415
=CAT  \\$a10902$b40$c20170918$lBLL01$h1216
=CAT  \\$aW1711-1225$c20171203$lBLL01$h1053
=FIN  \\$aY$d20130912
=STA  \\$aSUPPRESSED$bunable to determine reason for suppression
=LAS  \\$aW1711-1225$b00$c20171203$lBLL01$h1053

