=LDR  01713 am a2200445 i 4500
=001  016480294
=003  Uk
=005  20170918132330.0
=006  m\\\\||\\d\|\\\\\\
=007  cr\|||||||||||
=008  130823s2009\\\\stka\\\\ob\\\|0|0\0|eng\\
=FMT  \\$a  BK
=015  \\$aGBB383817$2bnb
=040  \\$aUk$beng$cUk$erda
=042  \\$aukblsr
=082  04$a363.73874609411$223
=110  2\$aScottish Environment Protection Agency,$eauthor.
=245  12$aA climate change plan for SEPA.
=264  \1$a[Stirling] :$bScottish Environment Protection Agency,$c[2009?]
=300  \\$a1 online resource (17 pages) :$billustrations (colour)
=336  \\$atext$2rdacontent
=337  \\$acomputer$2rdamedia
=338  \\$aonline resource$2rdacarrier
=504  \\$aIncludes bibliographical references.
=588  \\$aDescription based on online resource; title from PDF cover page (viewed on September 12, 2013).
=650  \0$aClimatic changes$zScotland$xManagement.
=650  \0$aClimate change mitigation$zScotland.
=856  40$uhttp://www.sepa.org.uk/climate_change/idoc.ashx?docid=df8f23f4-25cf-4b1b-8d30-3dd6eb7b0b15&version=-1
=852  41$aBritish Library$bHMNTS$jDigital store
=CAT  \\$a12664$b40$c20130823$lBLL01$h1050
=CAT  \\$a12664$b40$c20130823$lBLL01$h1052
=CAT  \\$a12664$b40$c20130823$lBLL01$h1115
=CAT  \\$a8141$b40$c20130912$lBLL01$h1234
=CAT  \\$aWR14.047$c20140417$lBLL01$h1646
=CAT  \\$aW1611-0868$c20161114$lBLL01$h1415
=CAT  \\$a10902$b40$c20170918$lBLL01$h1323
=CAT  \\$aW1711-1225$c20171203$lBLL01$h1053
=FIN  \\$aY$d20130912
=STA  \\$aSUPPRESSED$bunable to determine reason for suppression
=LAS  \\$aW1711-1225$b00$c20171203$lBLL01$h1053

