=LDR  01652 am a2200445 i 4500
=001  016481825
=003  Uk
=005  20150702135008.0
=006  m\\\\||\\d\|\\\\\\
=007  cr\|||||||||||
=008  150427s2009\\\\enk\\\\\ob\\\\000\0\eng\d
=FMT  \\$a  BK
=015  \\$aGBB586563$2bnb
=040  \\$aIiNdDKA$beng$cIiNdDKA$erda
=042  \\$aukblsr
=043  \\$ae-uk---
=082  04$a616.99424061$223
=110  2\$aNational Institute for Health and Clinical Excellence (Great Britain),$eauthor.
=245  10$aTopotecan for the treatment of relapsed small-cell lung cancer.
=264  \1$aLondon :$bNational Institute for Health and Clinical Excellence,$c[2009]
=300  \\$a1 online resource (28 pages).
=336  \\$atext$2rdacontent
=337  \\$acomputer$2rdamedia
=338  \\$aonline resource$2rdacarrier
=490  0\$aNICE technology appraisal guidance ;$v184
=500  \\$aIssue date: November 2009; Review date: November 2012.
=504  \\$aIncludes bibliographical references.
=650  \0$aSmall cell lung cancer$xChemotherapy$zGreat Britain.
=650  \0$aDNA topoisomerases.
=856  40$uhttp://www.nice.org.uk/nicemedia/live/12348/46326/46326.pdf
=852  41$aBritish Library$bHMNTS$jELD Digital store
=985  \\$aNETCAT record
=CAT  \\$a10902$b40$c20130827$lBLL01$h1453
=CAT  \\$aWR14.047$c20140417$lBLL01$h1646
=CAT  \\$aBATCH-SURR$b00$c20150702$lBLL01$h1349
=CAT  \\$aW1711-1225$c20171203$lBLL01$h1053
=FIN  \\$aY$d20150702
=SRC  \\$aNETCAT$bnetcatem.mrc.20150702
=STA  \\$aSUPPRESSED$bunable to determine reason for suppression
=LAS  \\$aW1711-1225$b00$c20171203$lBLL01$h1053

