=LDR  01926 am a2200493 i 4500
=001  016488167
=003  Uk
=005  20170918132633.0
=006  m\\\\||\\d\|\\\\\\
=007  cr\|||||||||||
=008  130903s2010\\\\enk\\\\\ob\\\\0|0\0|eng\\
=FMT  \\$a  BK
=015  \\$aGBB400796$2bnb
=040  \\$aUk$beng$cUk$erda
=042  \\$aukblsr
=082  04$a616.9942406$223
=245  00$aPemetrexed for the maintenance treatment of non-small-cell lung cancer.
=264  \1$aLondon :$bNational Institute for Health and Clinical Excellence,$cJune 2010.
=300  \\$a1 online resource (29 pages).
=336  \\$atext$2rdacontent
=337  \\$acomputer$2rdamedia
=338  \\$aonline resource$2rdacarrier
=490  0\$aNICE technology appraisal guidance ;$v190
=500  \\$aIssue date: June 2010; Review date: November 2012.
=500  \\$aAlso issued in print format.
=504  \\$aIncludes bibliographical references.
=588  \\$aDescription based on online resource; title from PDF cover page (viewed on January 3, 2014).
=650  \0$aLungs$xCancer$xTreatment$zEngland.
=650  \0$aLungs$xCancer$xTreatment$zWales.
=650  \0$aCancer$xChemotherapy$zEngland.
=650  \0$aCancer$xChemotherapy$zWales.
=710  1\$aGreat Britain.$bNational Health Service.
=710  2\$aNational Institute for Health and Clinical Excellence (Great Britain)
=856  40$uhttp://www.nice.org.uk/nicemedia/live/13028/49355/49355.pdf
=852  41$aBritish Library$bHMNTS$jDigital store
=CAT  \\$a10902$b40$c20130903$lBLL01$h1109
=CAT  \\$a7332$b40$c20140103$lBLL01$h1456
=CAT  \\$aWR14.047$c20140417$lBLL01$h1646
=CAT  \\$aW1611-0868$c20161114$lBLL01$h1415
=CAT  \\$a10902$b40$c20170918$lBLL01$h1326
=CAT  \\$aW1711-1225$c20171203$lBLL01$h1054
=FIN  \\$aY$d20140103
=STA  \\$aSUPPRESSED$bunable to determine reason for suppression
=LAS  \\$aW1711-1225$b00$c20171203$lBLL01$h1054

