=LDR  01864 am a2200493 i 4500
=001  016491755
=003  Uk
=005  20150702135005.0
=006  m\\\\||\\d\|\\\\\\
=007  cr\|||||||||||
=008  150402s2010\\\\enk\\\\\ob\\\\000\0\eng\d
=FMT  \\$a  BK
=015  \\$aGBB586478$2bnb
=040  \\$aIiNdDKA$beng$cIiNdDKA$erda
=042  \\$aukblsr
=043  \\$ae-uk-en$ae-uk-wl
=082  04$a616.3428061$223
=110  2\$aNational Institute for Health and Clinical Excellence (Great Britain),$eauthor.
=245  10$aPrucalopride for the treatment of chronic constipation in women.
=264  \1$aLondon :$bNational Institute for Health and Clinical Excellence,$c[2010]
=300  \\$a1 online resource (35 pages).
=336  \\$atext$2rdacontent
=337  \\$acomputer$2rdamedia
=338  \\$aonline resource$2rdacarrier
=490  0\$aNICE technology appraisal guidance ;$v211
=500  \\$aIssue date: December 2010.
=500  \\$a"This guidance was developed using the single technology appraisal process."
=504  \\$aIncludes bibliographical references.
=650  \0$aConstipation$xChemotherapy$zEngland.
=650  \0$aConstipation$xChemotherapy$zWales.
=650  \0$aWomen$xHealth and hygiene$zEngland.
=650  \0$aWomen$xHealth and hygiene$zWales.
=650  \0$aSerotonin$xAgonists.
=856  40$uhttp://www.nice.org.uk/nicemedia/live/13284/52015/52015.doc
=852  41$aBritish Library$bHMNTS$jELD Digital store
=985  \\$aNETCAT record
=CAT  \\$a10902$b40$c20130906$lBLL01$h1207
=CAT  \\$aWR14.047$c20140417$lBLL01$h1646
=CAT  \\$aBATCH-SURR$b00$c20150702$lBLL01$h1349
=CAT  \\$aW1711-1225$c20171203$lBLL01$h1054
=FIN  \\$aY$d20150702
=SRC  \\$aNETCAT$bnetcatem.mrc.20150702
=STA  \\$aSUPPRESSED$bunable to determine reason for suppression
=LAS  \\$aW1711-1225$b00$c20171203$lBLL01$h1054

