=LDR  02092 am a2200493 i 4500
=001  016493323
=003  Uk
=005  20170918133141.0
=006  m\\\\||\\d\|\\\\\\
=007  cr\|||||||||||
=008  130909s2003\\\\stkab\\\ob\\\|0|0\0|eng\\
=FMT  \\$a  BK
=015  \\$aGBB384233$2bnb
=040  \\$aUk$beng$cUk$erda
=042  \\$aukblsr
=082  04$a333.73094147$223
=100  1\$aWiseman, Alison,$eauthor.
=245  14$aThe Dee-Ken catchment management plan /$cdeveloped by Alison Wiseman and Anna L. Griffin (Project Officers).
=264  \1$a[Stirling] :$bScottish Environment Protection Agency,$c[2003?]
=300  \\$a1 online resource (96 pages) :$billustrations (black and white), maps (colour)
=336  \\$atext$2rdacontent
=337  \\$acomputer$2rdamedia
=338  \\$aonline resource$2rdacarrier
=504  \\$aIncludes bibliographical references.
=588  \\$aDescription based on online resource; title from PDF title page (viewed on September 17, 2013).
=650  \0$aWatershed management$zScotland$zDumfries and Galloway.
=650  \0$aPhysical geography$zScotland$zDumfries and Galloway.
=650  \0$aWater quality management$zScotland$zDumfries and Galloway.
=650  \0$aBiodiversity conservation$zScotland$zDumfries and Galloway.
=700  1\$aGriffin, Anna L.,$eauthor.
=710  2\$aScottish Environment Protection Agency,$eissuing body.
=856  40$uhttp://www.sepa.org.uk/water/water_publications/idoc.ashx?docid=88a2e0f8-ee67-4b75-ac85-85c41368cf96&version=-1
=852  41$aBritish Library$bHMNTS$jDigital store
=CAT  \\$a12664$b40$c20130909$lBLL01$h1443
=CAT  \\$a8141$b40$c20130917$lBLL01$h0856
=CAT  \\$a8141$b40$c20130917$lBLL01$h0916
=CAT  \\$a7332$b40$c20130924$lBLL01$h0910
=CAT  \\$aWR14.047$c20140417$lBLL01$h1646
=CAT  \\$aW1611-0868$c20161114$lBLL01$h1415
=CAT  \\$a10902$b40$c20170918$lBLL01$h1331
=CAT  \\$aW1711-1225$c20171203$lBLL01$h1054
=FIN  \\$aY$d20130917
=STA  \\$aSUPPRESSED$bunable to determine reason for suppression
=LAS  \\$aW1711-1225$b00$c20171203$lBLL01$h1054

