=LDR  00911 am a22002653i 4500
=001  016496701
=003  Uk
=005  20130912120900.0
=006  m\\\\||\\d\|\\\\\\
=007  cr\|||||||||||
=008  130912s2013\\\\enk\\\\\o\\\\\0|0\0|eng\\
=FMT  \\$a  BK
=245  \0$aInterim Evaluation of Transforming Procurement through Home Grown Talent.
=264  \1$aCardiff :$bWelsh Government,$c2013.
=336  \\$atext$2rdacontent
=337  \\$acomputer$2rdamedia
=338  \\$aonline resource$2rdacarrier
=490  0\$v44
=856  40$uwales.gov.uk/about/aboutresearch/social/latestresearch/evaluation...
=852  41$aBritish Library$bHMNTS$jELD Digital store
=CAT  \\$a8311$b40$c20130912$lBLL01$h1208
=CAT  \\$a8311$b40$c20130912$lBLL01$h1209
=CAT  \\$aW1711-1225$c20171203$lBLL01$h1054
=STA  \\$aSUPPRESSED$bunable to determine reason for suppression
=LAS  \\$aW1711-1225$b00$c20171203$lBLL01$h1054

