=LDR  01932 am a2200481 i 4500
=001  016497911
=003  Uk
=005  20141204163513.0
=006  m||||||||d||||||||
=007  cr||||||||||||
=008  140620s2013\\\\enk\\\\\o|\\\o000\0\eng|d
=FMT  \\$a  BK
=015  \\$aGBB4E2245$2bnb
=040  \\$aStDuBDS$beng$cStDuBDS$erda$epn
=042  \\$aukblsr
=082  04$a658.041$223
=245  00$aSmall business survey 2012.$pBusinesses with no employees /$ca report by BMG Research.
=246  30$aBusinesses with no employees
=264  \1$aLondon :$bDepartment for Business, Innovation & Skills,$cApril 2013.
=300  \\$a1 online resource (133 pages)
=336  \\$atext$2rdacontent
=337  \\$acomputer$2rdamedia
=338  \\$aonline resource$2rdacarrier
=504  \\$aIncludes bibliographical references.
=588  \\$aDescription based on online resource; title from PDF title page (viewed on June 20, 2014).
=690  7\$aManagement and Business Studies$2blcoll
=650  \0$aSelf-employed.
=710  2\$aBMG Research,$eauthor.
=710  1\$aGreat Britain.$bDepartment for Business, Innovation and Skills,$eissuing body.
=856  40$uhttps://www.gov.uk/government/uploads/system/uploads/attachment_data/file/193548/bis-13-p180-small-business-survey-2012-businesses-with-no-employees.pdf
=852  41$aBritish Library$bHMNTS$jDigital store
=985  \\$aNETCAT record
=CAT  \\$a8411$b40$c20130916$lBLL01$h0943
=CAT  \\$a8411$b40$c20130916$lBLL01$h0954
=CAT  \\$a11279$b40$c20140226$lBLL01$h1056
=CAT  \\$aBATCH-SURR$b00$c20141204$lBLL01$h1633
=CAT  \\$aBATCH-UPD$b00$c20141226$lBLL01$h2134
=CAT  \\$aBATCH-UPD$b00$c20150306$lBLL01$h1635
=CAT  \\$aW1711-1225$c20171203$lBLL01$h1054
=FIN  \\$aY$d20141204
=SRC  \\$aNETCAT$bNETCATEM.mrc.20141204
=STA  \\$aSUPPRESSED$bunable to determine reason for suppression
=LAS  \\$aW1711-1225$b00$c20171203$lBLL01$h1054

