=LDR  01742 am a2200445 i 4500
=001  016498097
=003  Uk
=005  20141204163417.0
=006  m||||||||d||||||||
=007  cr||||||||||||
=008  140416s2013\\\\enka\\\\o|\\\\000\0\eng|d
=FMT  \\$a  BK
=015  \\$aGBB4E0679$2bnb
=040  \\$aStDuBDS$beng$cStDuBDS$erda$epn
=042  \\$aukblsr
=082  04$a796.0727$223
=110  2\$aSport England,$eauthor.
=245  10$aMeasurement consultation :$bsummary of responses /$cSport England.
=264  \1$aLoughborough :$bSport England,$cMarch 2013.
=300  \\$a1 online resource (17 pages) :$billustrations (colour)
=336  \\$atext$2rdacontent
=336  \\$astill image$2rdacontent
=337  \\$acomputer$2rdamedia
=338  \\$aonline resource$2rdacarrier
=500  \\$aAt head of title: Department for Culture, Media and Sport.
=588  \\$aDescription based on online resource; title from PDF title page (viewed on April 16, 2014).
=650  \0$aSports$zEngland$xStatistical methods.
=710  1\$aGreat Britain.$bDepartment for Culture, Media and Sport.
=856  40$uhttps://www.gov.uk/government/uploads/system/uploads/attachment_data/file/144228/20130311-consultation_results.pdf
=852  41$aBritish Library$bHMNTS$jELD Digital store
=985  \\$aNETCAT record
=CAT  \\$a10983$b40$c20130916$lBLL01$h1440
=CAT  \\$aWR14.047$c20140417$lBLL01$h1646
=CAT  \\$aBATCH-SURR$b00$c20141204$lBLL01$h1632
=CAT  \\$aBATCH-UPD$b00$c20150306$lBLL01$h1635
=CAT  \\$aW1711-1225$c20171203$lBLL01$h1054
=FIN  \\$aY$d20141204
=SRC  \\$aNETCAT$bNETCATEM.mrc.20141204
=STA  \\$aSUPPRESSED$bunable to determine reason for suppression
=LAS  \\$aW1711-1225$b00$c20171203$lBLL01$h1054

