=LDR  01976 am a2200469 i 4500
=001  016498103
=003  Uk
=005  20170123144837.0
=006  m||||||||d||||||||
=007  cr||||||||||||
=008  140428s2010\\\\enka\\\\o|\\\\000\0\eng|d
=FMT  \\$a  BK
=015  \\$aGBB4E0836$2bnb
=040  \\$aStDuBDS$beng$cStDuBDS$dUk$erda$epn
=042  \\$aukblsr
=082  04$a306.4830942$223
=100  1\$aNewman, Mark,$d1965-$eauthor.
=245  10$aUnderstanding the drivers, impact and value of engagement in culture and sport :$ban over-arching summary of the research /$cMark Newman [and fourteen others].
=264  \1$aLondon :$bDepartment for Culture, Media and Sport,$cJuly 2010.
=300  \\$a1 online resource (42 pages) :$billustrations (colour)
=336  \\$atext$2rdacontent
=336  \\$astill image$2rdacontent
=337  \\$acomputer$2rdamedia
=338  \\$aonline resource$2rdacarrier
=500  \\$aAt head of title: The Culture and Sport Evidence Programme.
=588  \\$aDescription based on online resource; title from PDF title page (viewed on April 30, 2014).
=610  20$aCulture and Sport Evidence programme (Great Britain)
=650  \0$aSports$xSocial aspects$zEngland.
=710  2\$aCulture and Sport Evidence programme (Great Britain)
=856  40$uhttps://www.gov.uk/government/uploads/system/uploads/attachment_data/file/71231/CASE-supersummaryFINAL-19-July2010.pdf
=852  41$aBritish Library$bHMNTS$jELD Digital store
=985  \\$aNETCAT record
=CAT  \\$a10983$b40$c20130916$lBLL01$h1448
=CAT  \\$aWR14.047$c20140417$lBLL01$h1646
=CAT  \\$aBATCH-SURR$b00$c20141204$lBLL01$h1632
=CAT  \\$a11279$b40$c20151013$lBLL01$h1445
=CAT  \\$a9572$b40$c20170123$lBLL01$h1448
=CAT  \\$aW1711-1225$c20171203$lBLL01$h1054
=FIN  \\$aY$d20141204
=SRC  \\$aNETCAT$bNETCATEM.mrc.20141204
=STA  \\$aSUPPRESSED$bunable to determine reason for suppression
=LAS  \\$aW1711-1225$b00$c20171203$lBLL01$h1054

