=LDR  01938 am a2200493 i 4500
=001  016505850
=003  Uk
=005  20141204163421.0
=006  m||||||||d||||||||
=007  cr||||||||||||
=008  140425s2013\\\\enka\\\\o|\\\\000\0\eng|d
=FMT  \\$a  BK
=015  \\$aGBB4E0799$2bnb
=040  \\$aStDuBDS$beng$cStDuBDS$erda$epn
=042  \\$aukblsr
=082  04$a333.95160941$223
=245  00$aTesting the effectiveness of climate change adaptation principles for biodiversity conservation.
=264  \1$aWinchester :$bNatural England,$cMarch 2013.
=300  \\$a1 online resource (132 pages) :$billustrations (black and white, and colour).
=336  \\$atext$2rdacontent
=336  \\$astill image$2rdacontent
=337  \\$acomputer$2rdamedia
=338  \\$aonline resource$2rdacarrier
=490  0\$aNatural England commissioned report ;$vNECR112
=504  \\$aIncludes bibliographical references.
=588  \\$aDescription based on online resource; title from PDF title page (viewed on April 29, 2014).
=650  \0$aBiodiversity conservation$zGreat Britain.
=650  \0$aClimatic changes$xEnvironmental aspects$zGreat Britain.
=650  \0$aAdaptation (Biology)
=710  2\$aNatural England (Agency),$eissuing body.
=856  40$uhttp://publications.naturalengland.org.uk/file/7427280
=852  41$aBritish Library$bHMNTS$jELD Digital store
=985  \\$aNETCAT record
=CAT  \\$a10983$b40$c20130927$lBLL01$h0925
=CAT  \\$aWR14.047$c20140417$lBLL01$h1646
=CAT  \\$aBATCH-SURR$b00$c20141204$lBLL01$h1632
=CAT  \\$aBATCH-UPD$b00$c20150306$lBLL01$h1635
=CAT  \\$a7416$b40$c20150928$lBLL01$h1148
=CAT  \\$aBATCH-UPD$b40$c20150928$lBLL01$h1150
=CAT  \\$aW1711-1225$c20171203$lBLL01$h1054
=FIN  \\$aY$d20141204
=SRC  \\$aNETCAT$bNETCATEM.mrc.20141204
=STA  \\$aSUPPRESSED$bunable to determine reason for suppression
=LAS  \\$aW1711-1225$b00$c20171203$lBLL01$h1054

