=LDR  01481 am a2200385 i 4500
=001  016506580
=003  Uk
=005  20140212133942.0
=006  m\\\\||\\d\|\\\\\\
=007  cr\|||||||||||
=008  130930s2011\\\\enk||||\ob\\\\0||\0|eng\\
=FMT  \\$a  BK
=015  \\$aGBB418575$2bnb
=040  \\$aUk$beng$cUk$erda
=042  \\$aukblsr
=082  04$a362.410941$223
=245  00$aCommission on Funding of Care and Support Call for Evidence on the Future of Care and Support A response from Sense.
=264  \1$a[London] :$bSense for deafblind people,$c[2011]
=300  \\$a1 online resource (15 unnumbered pages)
=336  \\$atext$2rdacontent
=337  \\$acomputer$2rdamedia
=338  \\$aonline resource$2rdacarrier
=504  \\$aIncludes bibliographical references.
=588  \\$aDescription based on online resource; title from PDF cover page (viewed on February 12, 2014).
=650  \0$aDeafblind people$xServices for$zGreat Britain.
=690  7\$aSocial Welfare$2blcoll
=710  2\$aSENSE (Organization),$epublisher.
=856  40$uhttp://www.sense.org.uk/sites/default/files/consultation_dilnot_commission_Jan_2011.pdf
=852  41$aBritish Library$bHMNTS$jDigital store
=CAT  \\$a8311$b40$c20130930$lBLL01$h1157
=CAT  \\$a11281$b40$c20140212$lBLL01$h1339
=CAT  \\$aW1711-1225$c20171203$lBLL01$h1054
=FIN  \\$aY$d20140212
=STA  \\$aSUPPRESSED$bunable to determine reason for suppression
=LAS  \\$aW1711-1225$b00$c20171203$lBLL01$h1054

