=LDR  01703 am a2200421 i 4500
=001  016506752
=003  Uk
=005  20140606080748.0
=006  m\\\\||\\d\|\\\\\\
=007  cr\|||||||||||
=008  130930s2011\\\\enk\\\\\ob\\\\0|0\0|eng\\
=FMT  \\$a  BK
=015  \\$aGBB427123$2bnb
=040  \\$aUk$beng$cUk$erda
=042  \\$aukblsr
=082  04$a362.404$223
=100  1\$aSnow, Asunción,$eauthor.
=245  10$aDeveloping good working practice using a framework of seven principles and video analysis with people who have sensory impairments and limited communication skills /$cAsunción Snow, Sense Residential Services Manager, Leeds, Anne Telling, Melton House Resource Centre Manager, Rotherham.
=264  \1$a[London] :$bSense,$cOctober 2011.
=300  \\$a1 online resource (39 pages)
=336  \\$atext$2rdacontent
=337  \\$acomputer$2rdamedia
=338  \\$aonline resource$2rdacarrier
=504  \\$aIncludes bibliographical references.
=650  \0$aPeople with disabilities$xServices for.
=690  7\$aSocial Welfare$2blcoll
=700  1\$aTelling, Anne,$eauthor.
=710  2\$aSENSE (Organization),$eissuing body.
=856  40$uhttp://www.sense.org.uk/sites/default/files/Developing_Good_Working_Practice_Video_Analysis_0.pd
=852  41$aBritish Library$bHMNTS$jDigital store
=CAT  \\$a8311$b40$c20130930$lBLL01$h1421
=CAT  \\$a7332$b40$c20140306$lBLL01$h1319
=CAT  \\$a7332$b40$c20140606$lBLL01$h0807
=CAT  \\$aBATCH-UPD$b40$c20140609$lBLL01$h2035
=CAT  \\$aW1711-1225$c20171203$lBLL01$h1054
=FIN  \\$aY$d20140306
=STA  \\$aSUPPRESSED$bunable to determine reason for suppression
=LAS  \\$aW1711-1225$b00$c20171203$lBLL01$h1054

