=LDR  01789 am a2200445 i 4500
=001  016511782
=003  Uk
=005  20140219114453.0
=006  m\\\\||\\d\|\\\\\\
=007  cr\|||||||||||
=008  131004s2011\\\\enka|||\ob\\\\0||\0|eng\\
=FMT  \\$a  BK
=015  \\$aGBB420142$2bnb
=040  \\$aUk$beng$cUk$erda
=042  \\$aukblsr
=082  04$a351.41$223
=100  1\$aHughes, Alastair,$eauthor.
=245  10$aInnovation in Public Sector Organisations :$bA pilot survey for measuring innovation across the public sector /$cAlastair Hughes, Kyla Moore and Nimesh Kataria.
=264  \1$aLondon :$bNESTA,$cMarch 2011.
=300  \\$a1 online resource (85 pages) :$billustrations (colour)
=336  \\$atext$2rdacontent
=337  \\$acomputer$2rdamedia
=338  \\$aonline resource$2rdacarrier
=500  \\$a"Index report."
=504  \\$aIncludes bibliographical references.
=588  \\$aDescription based on online resource; title from PDF cover page (viewed on February 19, 2014).
=650  \0$aOrganizational change$zGreat Britain.
=650  \0$aPublic administration$zGreat Britain.
=690  7\$aSocial Welfare$2blcoll
=700  1\$aMoore, Kyla,$eauthor.
=700  1\$aKataria, Nimesh,$eauthor.
=710  2\$aNational Endowment for Science, Technology and the Arts (Great Britain),$epublisher.
=856  40$uhttp://www.nesta.org.uk/library/documents/Innovation_in_public_sector_organisations_v9.pdf
=852  41$aBritish Library$bHMNTS$jDigital storeELD Digital store
=CAT  \\$a8311$b40$c20131004$lBLL01$h0952
=CAT  \\$a11281$b40$c20140219$lBLL01$h1144
=CAT  \\$aW1711-1225$c20171203$lBLL01$h1054
=FIN  \\$aY$d20140219
=STA  \\$aSUPPRESSED$bunable to determine reason for suppression
=LAS  \\$aW1711-1225$b00$c20171203$lBLL01$h1054

