=LDR  02068 am a2200517 i 4500
=001  016540591
=003  Uk
=005  20170918133734.0
=006  m\\\\||\\d\|\\\\\\
=007  cr\|||||||||||
=008  131111s2012\\\\enk||||\ob\\\\0||\0|eng\\
=FMT  \\$a  BK
=015  \\$aGBB3A8657$2bnb
=020  \\$z9781906461386
=040  \\$aUk$beng$cUk$erda
=042  \\$aukblsr
=082  04$a362.10941$223
=100  1\$aDixon-Woods, Mary,$eauthor.
=245  10$aOvercoming challenges to improving quality :$bLessons from the Health Foundation's improvement programme evaluations and relevant literature /$cMary Dixon-Woods, Sarah McNicol, Graham Martin.
=264  \1$aLondon :$bThe Health Foundation,$cApril 2012.
=300  \\$a1 online resource (vii, 36 pages)
=336  \\$atext$2rdacontent
=337  \\$acomputer$2rdamedia
=338  \\$aonline resource$2rdacarrier
=500  \\$a"Evidence."
=504  \\$aIncludes bibliographical references.
=588  \\$aDescription based on online resource; title from PDF cover page (viewed on December 3, 2013).
=650  \0$aHealth services administration$zGreat Britain.
=650  \0$aMedical care$zGreat Britain$xQuality control.
=650  \0$aClinical competence$zGreat Britain.
=690  7\$aSocial Welfare$2blcoll
=700  1\$aMcNicol, Sarah,$eauthor.
=700  1\$aMartin, Graham,$eauthor.
=710  2\$aHealth Foundation (Great Britain),$epublisher.
=856  40$uhttp://www.health.org.uk/public/cms/75/76/313/3357/overcoming%20challenges.pdf?realName=RYP4rM.pdf ;
=852  41$aBritish Library$bHMNTS$jDigital store
=CAT  \\$a8311$b40$c20131111$lBLL01$h0949
=CAT  \\$a11281$b40$c20131203$lBLL01$h1042
=CAT  \\$a11281$b40$c20131203$lBLL01$h1043
=CAT  \\$aWR14.047$c20140417$lBLL01$h1646
=CAT  \\$aW1611-0868$c20161114$lBLL01$h1415
=CAT  \\$a10902$b40$c20170918$lBLL01$h1337
=CAT  \\$aW1711-1225$c20171203$lBLL01$h1054
=FIN  \\$aY$d20131203
=STA  \\$aSUPPRESSED$bunable to determine reason for suppression
=LAS  \\$aW1711-1225$b00$c20171203$lBLL01$h1054

