=LDR  01663 am a2200433 i 4500
=001  016543076
=003  Uk
=005  20170628102139.0
=006  m\\\\||\\d\|\\\\\\
=007  cr\|||||||||||
=008  131113s2011\\\\enka\\\\o\\\\\0|0\0|eng\\
=FMT  \\$a  BK
=015  \\$aGBB7A8079$2bnb
=040  \\$aUk$beng$cUk$erda
=042  \\$aukblsr
=082  04$a362.10941$223
=100  1\$aMunton, Tony,$eauthor.
=245  10$aEvidence :$bGetting out of hospital? : The evidence for shifting acute inpatient and day case services from hospitals into the community /$cauthors: Tony Munton (and five others).
=264  \1$aLondon :$bThe Health Foundation,$c[2011]
=264  \4$c©2011
=300  \\$a1 online resource (vi, 39 pages) :$billustrations (colour)
=336  \\$atext$2rdacontent
=337  \\$acomputer$2rdamedia
=338  \\$aonline resource$2rdacarrier
=500  \\$a"June 2011".
=650  \0$aPrimary care (Medicine)$zGreat Britain.
=650  \0$aPublic health$zGreat Britain.
=650  \0$aCommunity health services$zGreat Britain.
=650  \0$aHome care services$zGreat Britain.
=690  7\$aSocial Welfare$2blcoll
=710  2\$aHealth Foundation (Great Britain)
=856  40$uhttp://www.health.org.uk/public/cms/75/76/313/2539/Getting%20out%20of%20hospital%20full%20version.pdf?realName=k31uoL.pdf
=852  41$aBritish Library$bHMNTS$jDigital store
=CAT  \\$a8311$b40$c20131113$lBLL01$h1427
=CAT  \\$a7332$b40$c20170628$lBLL01$h1021
=CAT  \\$aW1711-1225$c20171203$lBLL01$h1054
=FIN  \\$aY$d20170628
=STA  \\$aSUPPRESSED$bunable to determine reason for suppression
=LAS  \\$aW1711-1225$b00$c20171203$lBLL01$h1054

