=LDR  00959 am a22002773i 4500
=001  016560570
=003  Uk
=005  20170918135609.0
=006  m\\\\||\\d\|\\\\\\
=007  cr\|||||||||||
=008  131204s2002\\\\enk\\\\\o\\\\\0|0\0|eng\\
=FMT  \\$a  BK
=245  \0$aSay IT in Punjabi.
=264  \1$aCoventry :$bBecta,$c2002.
=336  \\$atext$2rdacontent
=337  \\$acomputer$2rdamedia
=338  \\$aonline resource$2rdacarrier
=856  40$uhttps://www.learntogether.org.uk/Resources/Documents/Punjabi%20IT%20language%20translated%20document.pdf
=852  41$aBritish Library$bHMNTS$jDigital store
=CAT  \\$a10902$b40$c20131204$lBLL01$h1331
=CAT  \\$aWR14.047$c20140417$lBLL01$h1646
=CAT  \\$aW1611-0868$c20161114$lBLL01$h1415
=CAT  \\$a10902$b40$c20170918$lBLL01$h1356
=CAT  \\$aW1711-1225$c20171203$lBLL01$h1054
=STA  \\$aSUPPRESSED$bunable to determine reason for suppression
=LAS  \\$aW1711-1225$b00$c20171203$lBLL01$h1054

