=LDR  01737 am a2200457 i 4500
=001  016595112
=003  Uk
=005  20141204163446.0
=006  m||||||||d||||||||
=007  cr||||||||||||
=008  140605s2003\\\\enka\\\\o|\\\\000\0\eng|d
=FMT  \\$a  BK
=015  \\$aGBB4E1576$2bnb
=040  \\$aStDuBDS$beng$cStDuBDS$erda$epn
=042  \\$aukblsr
=082  04$a372.890440941$223
=245  00$aUsing web-based resources in primary history.
=264  \1$aCoventry :$bBecta,$c[2003]
=264  \4$c©2003
=300  \\$a1 online resource (8 pages) :$billustrations (black and white, and colour).
=336  \\$atext$2rdacontent
=336  \\$astill image$2rdacontent
=337  \\$acomputer$2rdamedia
=338  \\$aonline resource$2rdacarrier
=490  0\$aBecta ICT advice
=588  \\$aDescription based on online resource; title from PDF title page (viewed on June 10, 2014).
=650  \0$aHistory$xStudy and teaching (Elementary)$zGreat Britain.
=650  \0$aHistory$xComputer-assisted instruction.
=650  \0$aHistory$xComputer network resources.
=710  2\$aBritish Educational Communications and Technology Agency,$eissuing body.
=856  40$uhttp://whiteboard.bristol-cyps.org.uk/nwn_week1/Web%20Based%20Resources/PrimaryHistory.pdf
=852  41$aBritish Library$bHMNTS$jELD Digital store
=985  \\$aNETCAT record
=CAT  \\$a10902$b40$c20140106$lBLL01$h0919
=CAT  \\$aWR14.047$c20140417$lBLL01$h1646
=CAT  \\$aBATCH-SURR$b00$c20141204$lBLL01$h1633
=CAT  \\$aW1711-1225$c20171203$lBLL01$h1055
=FIN  \\$aY$d20141204
=SRC  \\$aNETCAT$bNETCATEM.mrc.20141204
=STA  \\$aSUPPRESSED$bunable to determine reason for suppression
=LAS  \\$aW1711-1225$b00$c20171203$lBLL01$h1055

