=LDR  01533 am a22003973i 4500
=001  016600625
=003  Uk
=005  20170918141102.0
=006  m\\\\||\\d\|\\\\\\
=007  cr\|||||||||||
=008  140110s2004\\\\enka|||\ob\\\\0||\0|eng\\
=FMT  \\$a  BK
=040  \\$aUk$beng$cUk$erda
=082  04$a004$223
=245  00$aWhat the research says about Virtual Learning Environments in teaching and learning.
=250  \\$a2nd Edition, Revised and Updated.
=264  \1$aCoventry :$bBecta,$c[2004]
=300  \\$a1 online resource (4 unnumbered pages) :$billustrations (colour)
=336  \\$atext$2rdacontent
=337  \\$acomputer$2rdamedia
=338  \\$aonline resource$2rdacarrier
=500  \\$a"ICT Research."
=504  \\$aIncludes bibliographical references.
=710  2\$aBritish Educational Communications and Technology Agency,$epublisher.
=856  40$uhttp://webarchive.nationalarchives.gov.uk/20130401151715/https://www.education.gov.uk/publications/eOrderingDownload/15003.pdf
=852  41$aBritish Library$bHMNTS$jDigital store
=CAT  \\$a10902$b40$c20140110$lBLL01$h1048
=CAT  \\$a11281$b40$c20140326$lBLL01$h1434
=CAT  \\$a11281$b40$c20140326$lBLL01$h1435
=CAT  \\$aWR14.047$c20140417$lBLL01$h1646
=CAT  \\$aW1611-0868$c20161114$lBLL01$h1415
=CAT  \\$a10902$b40$c20170918$lBLL01$h1411
=CAT  \\$aW1711-1225$c20171203$lBLL01$h1055
=FIN  \\$aY$d20140326
=STA  \\$aSUPPRESSED$bunable to determine reason for suppression
=LAS  \\$aW1711-1225$b00$c20171203$lBLL01$h1055

