=LDR  01873 am a2200493 i 4500
=001  016660410
=003  Uk
=005  20150702134959.0
=006  m\\\\||\\d\|\\\\\\
=007  cr\|||||||||||
=008  150408s2011\\\\enk\\\\\o\\\\\000\0\eng\d
=FMT  \\$a  BK
=015  \\$aGBB586274$2bnb
=020  \\$z9781849365864 (print)
=040  \\$aIiNdDKA$beng$cIiNdDKA$erda
=042  \\$aukblsr
=043  \\$ae-uk-en$ae-uk-wl
=082  04$a616.8906$223
=110  2\$aNational Institute for Health and Clinical Excellence (Great Britain),$eauthor.
=245  10$aGetting help and support for common mental health problems :$bUnderstanding NICE guidance : Information for people who use NHS services.
=264  \1$aLondon :$bNational Institute for Health and Clinical Excellence,$c[2011]
=300  \\$a1 online resource (15 pages, 1 unnumbered page).
=336  \\$atext$2rdacontent
=337  \\$acomputer$2rdamedia
=338  \\$aonline resource$2rdacarrier
=490  0\$aInformation about NICE clinical guideline ;$v123
=500  \\$aIssue date: May 2011.
=500  \\$aPublisher's number: N2542.
=530  \\$aAlso issued in print format.
=650  \0$aMental illness$xTreatment$zEngland.
=650  \0$aMental illness$xTreatment$zWales.
=650  \0$aMentally ill$xCare$zEngland.
=650  \0$aMentally ill$xCare$zWales.
=856  40$uhttp://www.nccmh.org.uk/downloads/cmhd/CMHD_UNG.pdf
=852  41$aBritish Library$bHMNTS$jELD Digital store
=985  \\$aNETCAT record
=CAT  \\$a10902$b40$c20140328$lBLL01$h0908
=CAT  \\$aWR14.047$c20140417$lBLL01$h1647
=CAT  \\$aBATCH-SURR$b00$c20150702$lBLL01$h1348
=CAT  \\$aW1711-1225$c20171203$lBLL01$h1055
=FIN  \\$aY$d20150702
=SRC  \\$aNETCAT$bnetcatem.mrc.20150702
=STA  \\$aSUPPRESSED$bunable to determine reason for suppression
=LAS  \\$aW1711-1225$b00$c20171203$lBLL01$h1055

