=LDR  01258 am a22003377i 4500
=001  016660484
=003  Uk
=005  20170918142225.0
=006  m\\\\||\\d\|\\\\\\
=007  cr\|||||||||||
=008  140328s2005\\\\enka|||\o\\\\o0||\0|eng\\
=FMT  \\$a  BK
=040  \\$aUk$beng$cUk$erda
=110  1\$aGreat Britain.$bCountryside Agency,$eauthor.
=245  10$aCountryside access and the new right :$bHelping everyone to respect, protect and enjoy the countryside.
=264  \1$aWetherby :$bCountryside Agency,$c[2005]
=300  \\$a1 online resource (2 unnumbered pages) :$billustrations (colour)
=336  \\$atext$2rdacontent
=337  \\$acomputer$2rdamedia
=338  \\$aonline resource$2rdacarrier
=856  40$uhttp://publications.naturalengland.org.uk/file/91040
=852  41$aBritish Library$bHMNTS$jDigital store
=CAT  \\$a10902$b40$c20140328$lBLL01$h1056
=CAT  \\$aWR14.047$c20140417$lBLL01$h1647
=CAT  \\$a11281$b40$c20140805$lBLL01$h0945
=CAT  \\$aW1611-0868$c20161114$lBLL01$h1415
=CAT  \\$a10902$b40$c20170918$lBLL01$h1422
=CAT  \\$aW1711-1225$c20171203$lBLL01$h1055
=FIN  \\$aY$d20140805
=STA  \\$aSUPPRESSED$bunable to determine reason for suppression
=LAS  \\$aW1711-1225$b00$c20171203$lBLL01$h1055

