=LDR  01349 am a22003617i 4500
=001  016660514
=003  Uk
=005  20140806093016.0
=006  m\\\\||\\d\|\\\\\\
=007  cr\|||||||||||
=008  140328s2011\\\\enk||||\o\\\\o0||\0|eng\\
=FMT  \\$a  BK
=040  \\$aUk$beng$cUk$erda
=110  2\$aNatural England (Agency),$eauthor.
=245  10$aHigher Level Stewardship :$bEnvironmental Stewardship Handbook Third Edition - February 2010 : Official List of Changes.
=264  \1$a[London] :$bNatural England,$c[2011]
=300  \\$a1 online resource (11 pages)
=336  \\$atext$2rdacontent
=337  \\$acomputer$2rdamedia
=338  \\$aonline resource$2rdacarrier
=740  02$aEnvironmental Stewardship Handbook, Third Edition.
=856  40$uhttp://publications.naturalengland.org.uk/file/116027
=852  41$aBritish Library$bHMNTS$jELD Digital store
=CAT  \\$a10902$b40$c20140328$lBLL01$h1118
=CAT  \\$aWR14.047$c20140417$lBLL01$h1647
=CAT  \\$a11281$b40$c20140806$lBLL01$h0929
=CAT  \\$a11281$b40$c20140806$lBLL01$h0930
=CAT  \\$a7416$b40$c20150928$lBLL01$h1148
=CAT  \\$aBATCH-UPD$b40$c20150928$lBLL01$h1150
=CAT  \\$aW1711-1225$c20171203$lBLL01$h1055
=FIN  \\$aY$d20140806
=STA  \\$aSUPPRESSED$bunable to determine reason for suppression
=LAS  \\$aW1711-1225$b00$c20171203$lBLL01$h1055

