=LDR  01748 am a2200445 i 4500
=001  016735330
=003  Uk
=005  20150702134928.0
=006  m\\\\||\\d\|\\\\\\
=007  cr\|||||||||||
=008  150113s2005\\\\enk\\\\\ob\\\o000\0\eng\d
=FMT  \\$a  BK
=015  \\$aGBB585314$2bnb
=040  \\$aIiNdDKA$beng$cIiNdDKA$erda
=042  \\$aukblsr
=043  \\$ae-uk---
=082  04$a362.40830941$223
=110  1\$aGreat Britain.$bDepartment for Education and Skills,$eauthor.
=245  10$aLead Professional Good Practice Guidance :$bfor children with additional needs.
=246  1\$iAt foot of title:$aEvery Child Matters :$bChange for Children
=264  \1$a[London?] :$bDepartment for Education and Skills,$cJuly 2005.
=300  \\$a1 online resource (44 pages)
=336  \\$atext$2rdacontent
=337  \\$acomputer$2rdamedia
=338  \\$aonline resource$2rdacarrier
=504  \\$aIncludes bibliographical references (page 43).
=690  7\$aSocial Welfare$2blcoll
=650  \0$aChildren with disabilities$xServices for$zGreat Britain.
=650  \0$aChildren with disabilities$xEducation$zGreat Britain.
=650  \0$aFamily services$zGreat Britain.
=856  40$uhttp://webarchive.nationalarchives.gov.uk/20130401151715/http://www.education.gov.uk/publications/eOrderingDownload/2085-2005PDF-EN-01.pdf
=852  41$aBritish Library$bHMNTS$jDigital store
=985  \\$aNETCAT record
=CAT  \\$a6098$b40$c20140604$lBLL01$h1428
=CAT  \\$aBATCH-SURR$b00$c20150702$lBLL01$h1348
=CAT  \\$aW1711-1225$c20171203$lBLL01$h1055
=FIN  \\$aY$d20150702
=SRC  \\$aNETCAT$bnetcatem.mrc.20150702
=STA  \\$aSUPPRESSED$bunable to determine reason for suppression
=LAS  \\$aW1711-1225$b00$c20171203$lBLL01$h1055

