=LDR  00910 am a22002653i 4500
=001  016737501
=003  Uk
=005  20140609113950.0
=006  m\\\\||\\d\|\\\\\\
=007  cr\|||||||||||
=008  140609s2012\\\\enk\\\\\o\\\\\0|0\0|eng\\
=FMT  \\$a  BK
=245  \0$aToward a unified ENDF-6 formatted file frame.
=260  \\$aAbingdon :$bCulham Centre for Fusion Energy,$c2012.
=336  \\$atext$2rdacontent
=337  \\$acomputer$2rdamedia
=338  \\$aonline resource$2rdacarrier
=490  0\$aCCFE-R ;$v(11) 16, 2
=856  40$uhttp://www.ccfe.ac.uk/assets/Documents/29401_ccfe-r1116.pdf
=852  41$aBritish Library$bHMNTS$jELD Digital store
=CAT  \\$a12664$b40$c20140609$lBLL01$h1138
=CAT  \\$a12664$b40$c20140609$lBLL01$h1139
=CAT  \\$aW1711-1225$c20171203$lBLL01$h1055
=STA  \\$aSUPPRESSED$bunable to determine reason for suppression
=LAS  \\$aW1711-1225$b00$c20171203$lBLL01$h1055

