=LDR  00898 am a22002533i 4500
=001  016737509
=003  Uk
=005  20140609114536.0
=006  m\\\\||\\d\|\\\\\\
=007  cr\|||||||||||
=008  140609s2013\\\\enk\\\\\o\\\\\0|0\0|eng\\
=FMT  \\$a  BK
=245  \0$aDecay heat validation, FISPACT-II & TENDL-2012,-2011 and EAF-2010 nuclear data libraries.
=260  \\$aAbingdon :$bCulham Centre for Fusion Energy,$c2013.
=336  \\$atext$2rdacontent
=337  \\$acomputer$2rdamedia
=338  \\$aonline resource$2rdacarrier
=490  0\$aCCFE-R ;$v(13) 20
=856  40$uhttp://www.ccfe.ac.uk/assets/Documents/CCFE-R(13)20.pdf
=852  41$aBritish Library$bHMNTS$jELD Digital store
=CAT  \\$a12664$b40$c20140609$lBLL01$h1145
=CAT  \\$aW1711-1225$c20171203$lBLL01$h1055
=STA  \\$aSUPPRESSED$bunable to determine reason for suppression
=LAS  \\$aW1711-1225$b00$c20171203$lBLL01$h1055

