=LDR  00885 am a22002413i 4500
=001  016737550
=003  Uk
=005  20140609130157.0
=006  m\\\\||\\d\|\\\\\\
=007  cr\|||||||||||
=008  140609s2014\\\\enk\\\\\o\\\\\0|0\0|eng\\
=FMT  \\$a  BK
=245  \0$aCivil Service Reform in the Real World :$bPatterns of success in UK civil service reform.
=264  \1$aLondon :$bInstitute for Government,$c2014.
=336  \\$atext$2rdacontent
=337  \\$acomputer$2rdamedia
=338  \\$aonline resource$2rdacarrier
=856  40$uhttp://www.instituteforgovernment.org.uk/publications/civil-service-reform-real-world
=852  41$aBritish Library$bHMNTS$jELD Digital store
=CAT  \\$a12664$b40$c20140609$lBLL01$h1301
=CAT  \\$aW1711-1225$c20171203$lBLL01$h1055
=STA  \\$aSUPPRESSED$bunable to determine reason for suppression
=LAS  \\$aW1711-1225$b00$c20171203$lBLL01$h1055

