=LDR  00916 am a22002533i 4500
=001  016737561
=003  Uk
=005  20140609131329.0
=006  m\\\\||\\d\|\\\\\\
=007  cr\|||||||||||
=008  140609s2014\\\\enk\\\\\o\\\\\0|0\0|eng\\
=FMT  \\$a  BK
=245  \4$aThe Civic Square and the Public Triangle.
=264  \1$aLondon :$bInstitute for Government,$c2014.
=336  \\$atext$2rdacontent
=337  \\$acomputer$2rdamedia
=338  \\$aonline resource$2rdacarrier
=490  0\$aInsideOut
=856  40$uhttp://www.instituteforgovernment.org.uk/sites/default/files/publications/IFG%20-%20InsideOut%20-%20Civic%20Square%20Public%20Triangle.pdf
=852  41$aBritish Library$bHMNTS$jELD Digital store
=CAT  \\$a12664$b40$c20140609$lBLL01$h1313
=CAT  \\$aW1711-1225$c20171203$lBLL01$h1055
=STA  \\$aSUPPRESSED$bunable to determine reason for suppression
=LAS  \\$aW1711-1225$b00$c20171203$lBLL01$h1055

