=LDR  01020 am a22002653i 4500
=001  016737658
=003  Uk
=005  20140609144314.0
=006  m\\\\||\\d\|\\\\\\
=007  cr\|||||||||||
=008  140609s2013\\\\enk\\\\\o\\\\\0|0\0|eng\\
=FMT  \\$a  BK
=245  \0$aMeeting the Challenge? :$bA response to the Civil Service Capabilities Plan.
=264  \1$aLondon :$bInstitute for Government,$c2013.
=336  \\$atext$2rdacontent
=337  \\$acomputer$2rdamedia
=338  \\$aonline resource$2rdacarrier
=856  40$uhttp://www.instituteforgovernment.org.uk/sites/default/files/publications/20130624%20-%20Capabilities%20Plan%20Response%20-%20final.pdf
=852  41$aBritish Library$bHMNTS$jELD Digital store
=CAT  \\$a12664$b40$c20140609$lBLL01$h1437
=CAT  \\$a12664$b40$c20140609$lBLL01$h1440
=CAT  \\$a12664$b40$c20140609$lBLL01$h1443
=CAT  \\$aW1711-1225$c20171203$lBLL01$h1055
=STA  \\$aSUPPRESSED$bunable to determine reason for suppression
=LAS  \\$aW1711-1225$b00$c20171203$lBLL01$h1055

