=LDR  00951 am a22002413i 4500
=001  016737673
=003  Uk
=005  20140609145406.0
=006  m\\\\||\\d\|\\\\\\
=007  cr\|||||||||||
=008  140609s2013\\\\enk\\\\\o\\\\\0|0\0|eng\\
=FMT  \\$a  BK
=245  \0$aMaking public service markets work :$bProfessionalising government's approach to commissioning and market stewardship.
=264  \1$aLondon :$bInstitute for Government,$c2013.
=336  \\$atext$2rdacontent
=337  \\$acomputer$2rdamedia
=338  \\$aonline resource$2rdacarrier
=856  40$uhttp://www.instituteforgovernment.org.uk/sites/default/files/publications/Making_public_service_markets_work_final_0.pdf
=852  41$aBritish Library$bHMNTS$jELD Digital store
=CAT  \\$a12664$b40$c20140609$lBLL01$h1454
=CAT  \\$aW1711-1225$c20171203$lBLL01$h1055
=STA  \\$aSUPPRESSED$bunable to determine reason for suppression
=LAS  \\$aW1711-1225$b00$c20171203$lBLL01$h1055

