=LDR  00936 am a22002413i 4500
=001  016737688
=003  Uk
=005  20140609152345.0
=006  m\\\\||\\d\|\\\\\\
=007  cr\|||||||||||
=008  140609s2013\\\\enk\\\\\o\\\\\0|0\0|eng\\
=FMT  \\$a  BK
=245  \0$aFollowing the Pound :$bThe Accounting Officer in Central Government.
=264  \1$aLondon :$bInstitute for Government,$c2013.
=336  \\$atext$2rdacontent
=337  \\$acomputer$2rdamedia
=338  \\$aonline resource$2rdacarrier
=856  40$uhttp://www.instituteforgovernment.org.uk/sites/default/files/publications/Following%20the%20pound%20-%20accounting%20officers%20in%20central%20government.pdf
=852  41$aBritish Library$bHMNTS$jELD Digital store
=CAT  \\$a12664$b40$c20140609$lBLL01$h1523
=CAT  \\$aW1711-1225$c20171203$lBLL01$h1055
=STA  \\$aSUPPRESSED$bunable to determine reason for suppression
=LAS  \\$aW1711-1225$b00$c20171203$lBLL01$h1055

