=LDR  00860 am a22002413i 4500
=001  016737699
=003  Uk
=005  20140609154030.0
=006  m\\\\||\\d\|\\\\\\
=007  cr\|||||||||||
=008  140609s2013\\\\enk\\\\\o\\\\\0|0\0|eng\\
=FMT  \\$a  BK
=245  \0$aLegislating for a Civil Service.
=264  \1$aLondon :$bInstitute for Government,$c2013.
=336  \\$atext$2rdacontent
=337  \\$acomputer$2rdamedia
=338  \\$aonline resource$2rdacarrier
=856  40$uhttp://www.instituteforgovernment.org.uk/sites/default/files/publications/Legislating%20for%20a%20civil%20service.pdf
=852  41$aBritish Library$bHMNTS$jELD Digital store
=CAT  \\$a12664$b40$c20140609$lBLL01$h1540
=CAT  \\$aW1711-1225$c20171203$lBLL01$h1055
=STA  \\$aSUPPRESSED$bunable to determine reason for suppression
=LAS  \\$aW1711-1225$b00$c20171203$lBLL01$h1055

