=LDR  01033 am a22002773i 4500
=001  016737728
=003  Uk
=005  20140609160636.0
=006  m\\\\||\\d\|\\\\\\
=007  cr\|||||||||||
=008  140609s2012\\\\enk\\\\\o\\\\\0|0\0|eng\\
=FMT  \\$a  BK
=245  \0$aBrothergood of the Cross and Star Limited :$bRegistered Charity Number 270034.
=264  \1$a[Liverpool] :$bCharity Commission,$c2012.
=336  \\$atext$2rdacontent
=337  \\$acomputer$2rdamedia
=338  \\$aonline resource$2rdacarrier
=490  0\$aInquiry Report
=856  40$uhttp://webarchive.nationalarchives.gov.uk/20120620074948/http:/www.charity-commission.gov.uk/Library/brotherhood.pdf
=852  41$aBritish Library$bHMNTS$jELD Digital store
=CAT  \\$a12664$b40$c20140609$lBLL01$h1603
=CAT  \\$a12664$b40$c20140609$lBLL01$h1605
=CAT  \\$a12664$b40$c20140609$lBLL01$h1606
=CAT  \\$aW1711-1225$c20171203$lBLL01$h1055
=STA  \\$aSUPPRESSED$bunable to determine reason for suppression
=LAS  \\$aW1711-1225$b00$c20171203$lBLL01$h1055

