=LDR  00918 am a22002533i 4500
=001  016737730
=003  Uk
=005  20140609160650.0
=006  m\\\\||\\d\|\\\\\\
=007  cr\|||||||||||
=008  140609s2012\\\\enk\\\\\o\\\\\0|0\0|eng\\
=FMT  \\$a  BK
=245  \0$aCare Cancer Foundation :$bRegistered Charity Number 1051714.
=264  \1$a[Liverpool] :$bCharity Commission,$c2012.
=336  \\$atext$2rdacontent
=337  \\$acomputer$2rdamedia
=338  \\$aonline resource$2rdacarrier
=490  0\$aInquiry Report
=856  40$uhttp://webarchive.nationalarchives.gov.uk/20130313185004/http://www.charity-commission.gov.uk/Library/cancer_care.pdf
=852  41$aBritish Library$bHMNTS$jELD Digital store
=CAT  \\$a12664$b40$c20140609$lBLL01$h1606
=CAT  \\$aW1711-1225$c20171203$lBLL01$h1055
=STA  \\$aSUPPRESSED$bunable to determine reason for suppression
=LAS  \\$aW1711-1225$b00$c20171203$lBLL01$h1055

