=LDR  00904 am a22002533i 4500
=001  016737740
=003  Uk
=005  20140609161656.0
=006  m\\\\||\\d\|\\\\\\
=007  cr\|||||||||||
=008  140609s2014\\\\enk\\\\\o\\\\\0|0\0|eng\\
=FMT  \\$a  BK
=245  \0$aMichael Davies Charitable Settlement :$bRegistered Charity Number 1000574.
=264  \1$a[Liverpool] :$bCharity Commission,$c2014.
=336  \\$atext$2rdacontent
=337  \\$acomputer$2rdamedia
=338  \\$aonline resource$2rdacarrier
=490  0\$aInquiry Report
=856  40$uhttp://www.charitycommission.gov.uk/media/599299/michael_davies_charitable_settlement.pdf
=852  41$aBritish Library$bHMNTS$jELD Digital store
=CAT  \\$a12664$b40$c20140609$lBLL01$h1616
=CAT  \\$aW1711-1225$c20171203$lBLL01$h1055
=STA  \\$aSUPPRESSED$bunable to determine reason for suppression
=LAS  \\$aW1711-1225$b00$c20171203$lBLL01$h1055

