=LDR  00950 am a22002533i 4500
=001  016737746
=003  Uk
=005  20140609162227.0
=006  m\\\\||\\d\|\\\\\\
=007  cr\|||||||||||
=008  140609s2014\\\\enk\\\\\o\\\\\0|0\0|eng\\
=FMT  \\$a  BK
=245  \4$aThe Apostolic Faith Mission International Ministries UK Charity :$bRegistered Charity Number 1096543.
=264  \1$a[Liverpool] :$bCharity Commission,$c2014.
=336  \\$atext$2rdacontent
=337  \\$acomputer$2rdamedia
=338  \\$aonline resource$2rdacarrier
=490  0\$aInquiry Report
=856  40$uhttp://www.charitycommission.gov.uk/media/593543/the_apostolic_faith_mission_international_ministries_uk.pdf
=852  41$aBritish Library$bHMNTS$jELD Digital store
=CAT  \\$a12664$b40$c20140609$lBLL01$h1622
=CAT  \\$aW1711-1225$c20171203$lBLL01$h1056
=STA  \\$aSUPPRESSED$bunable to determine reason for suppression
=LAS  \\$aW1711-1225$b00$c20171203$lBLL01$h1056

