=LDR  01021 am a22002773i 4500
=001  016737771
=003  Uk
=005  20140811094519.0
=006  m\\\\||\\d\|\\\\\\
=007  cr\|||||||||||
=008  140609s2014\\\\enk\\\\\o\\\\\0|0\0|eng\\
=FMT  \\$a  BK
=245  \0$aCarers' perspectives on hospital dementia care.
=264  \1$aNottingham :$bUniversity of Nottingham,$c2014.
=336  \\$atext$2rdacontent
=337  \\$acomputer$2rdamedia
=338  \\$aonline resource$2rdacarrier
=490  0\$aMedical Crises in Older People. Discussion paper series ;$v12
=856  40$uhttp://www.nottingham.ac.uk/mcop/documents/papers/issue-12-mcop-issn2044-4230.pdf
=852  41$aBritish Library$bHMNTS$jELD Digital store
=CAT  \\$a12664$b40$c20140609$lBLL01$h1647
=CAT  \\$a12664$b40$c20140609$lBLL01$h1649
=CAT  \\$a12664$b40$c20140811$lBLL01$h0945
=CAT  \\$aW1711-1225$c20171203$lBLL01$h1056
=STA  \\$aSUPPRESSED$bunable to determine reason for suppression
=LAS  \\$aW1711-1225$b00$c20171203$lBLL01$h1056

