=LDR  00991 am a22002653i 4500
=001  016737910
=003  Uk
=005  20140610103019.0
=006  m\\\\||\\d\|\\\\\\
=007  cr\|||||||||||
=008  140610s2014\\\\enk\\\\\o\\\\\0|0\0|eng\\
=FMT  \\$a  BK
=020  \\$z9781908440198
=245  \4$aThe Moment Expansions :$bA Semi-nonparametric Method with Applications for Risk Management.
=264  \1$aLondon :$bWestminster Business School,$c2014.
=336  \\$atext$2rdacontent
=337  \\$acomputer$2rdamedia
=338  \\$aonline resource$2rdacarrier
=490  0\$aWORKING PAPER SERIES IN BUSINESS AND MANAGEMENT ;$v14-1
=856  40$uhttp://www.westminster.ac.uk/__data/assets/pdf_file/0019/294301/WP_Niguez_2014-1.pdf
=852  41$aBritish Library$bHMNTS$jELD Digital store
=CAT  \\$a12664$b40$c20140610$lBLL01$h1030
=CAT  \\$aW1711-1225$c20171203$lBLL01$h1056
=STA  \\$aSUPPRESSED$bunable to determine reason for suppression
=LAS  \\$aW1711-1225$b00$c20171203$lBLL01$h1056

