=LDR  00966 am a22002653i 4500
=001  016737913
=003  Uk
=005  20140610103637.0
=006  m\\\\||\\d\|\\\\\\
=007  cr\|||||||||||
=008  140610s2014\\\\enk\\\\\o\\\\\0|0\0|eng\\
=FMT  \\$a  BK
=020  \\$z9781908440075
=245  \4$aThe next generation of the web :$ban organisational perspective.
=264  \1$aLondon :$bWestminster Business School,$c2014.
=336  \\$atext$2rdacontent
=337  \\$acomputer$2rdamedia
=338  \\$aonline resource$2rdacarrier
=490  0\$aWORKING PAPER SERIES IN BUSINESS AND MANAGEMENT ;$v12-1
=856  40$uhttp://www.westminster.ac.uk/__data/assets/pdf_file/0018/143712/WBS_DisPaper_Fefie.pdf
=852  41$aBritish Library$bHMNTS$jELD Digital store
=CAT  \\$a12664$b40$c20140610$lBLL01$h1036
=CAT  \\$aW1711-1225$c20171203$lBLL01$h1056
=STA  \\$aSUPPRESSED$bunable to determine reason for suppression
=LAS  \\$aW1711-1225$b00$c20171203$lBLL01$h1056

