=LDR  01116 am a22002773i 4500
=001  016737946
=003  Uk
=005  20140610112049.0
=006  m\\\\||\\d\|\\\\\\
=007  cr\|||||||||||
=008  140610s2013\\\\enk\\\\\o\\\\\0|0\0|eng\\
=FMT  \\$a  BK
=020  \\$z9781906929688
=245  \0$aCan encouraging respondents to contact interviewers to make appointments boost co-operation rates and save costs? :$bEvidence from a randomised experiment in the UK.
=264  \1$aLondon :$bCentre for Longitudinal Studies, Institute of Education, University of London,$cSeptember 2013.
=336  \\$atext$2rdacontent
=337  \\$acomputer$2rdamedia
=338  \\$aonline resource$2rdacarrier
=490  0\$aWorking paper ;$v2013/9
=500  \\$aCLS Cohort Studies.
=856  40$uhttp://www.cls.ioe.ac.uk/shared/get-file.ashx?itemtype=document&id=1717
=852  41$aBritish Library$bHMNTS$jELD Digital store
=CAT  \\$a12664$b40$c20140610$lBLL01$h1120
=CAT  \\$aW1711-1225$c20171203$lBLL01$h1056
=STA  \\$aSUPPRESSED$bunable to determine reason for suppression
=LAS  \\$aW1711-1225$b00$c20171203$lBLL01$h1056

