=LDR  00957 am a22002653i 4500
=001  016738124
=003  Uk
=005  20140610155745.0
=006  m\\\\||\\d\|\\\\\\
=007  cr\|||||||||||
=008  140610s2013\\\\enk\\\\\o\\\\\0|0\0|eng\\
=FMT  \\$a  BK
=245  \0$aForeign Acquisitions and Firm-Level Financial Risk.
=264  \1$aNottingham :$bUniversity of Nottingham,$c2013.
=336  \\$atext$2rdacontent
=337  \\$acomputer$2rdamedia
=338  \\$aonline resource$2rdacarrier
=490  0\$aResearch Paper ;$v2013/08
=500  \\$aResearch paper series : Globalisation, Productivity and Technology.
=856  40$uhttp://www.nottingham.ac.uk/gep/documents/papers/2013/2013-08.pdf
=852  41$aBritish Library$bHMNTS$jELD Digital store
=CAT  \\$a12664$b40$c20140610$lBLL01$h1557
=CAT  \\$aW1711-1225$c20171203$lBLL01$h1056
=STA  \\$aSUPPRESSED$bunable to determine reason for suppression
=LAS  \\$aW1711-1225$b00$c20171203$lBLL01$h1056

