=LDR  01045 am a22002773i 4500
=001  016738134
=003  Uk
=005  20140610160803.0
=006  m\\\\||\\d\|\\\\\\
=007  cr\|||||||||||
=008  140610s2013\\\\enk\\\\\o\\\\\0|0\0|eng\\
=FMT  \\$a  BK
=245  \0$aNational Protectionism in China :$bEvidence from the Public Disclosure of 'Illegal' Drug Advertising.
=264  \1$aNottingham :$bUniversity of Nottingham,$c2013.
=336  \\$atext$2rdacontent
=337  \\$acomputer$2rdamedia
=338  \\$aonline resource$2rdacarrier
=490  0\$aResearch Paper ;$v2013/04
=500  \\$aResearch paper series : China and the World Economy.
=856  40$uhttp://www.nottingham.ac.uk/gep/documents/papers/2013/2013-04.pdf
=852  41$aBritish Library$bHMNTS$jELD Digital store
=CAT  \\$a12664$b40$c20140610$lBLL01$h1607
=CAT  \\$a12664$b40$c20140610$lBLL01$h1608
=CAT  \\$aW1711-1225$c20171203$lBLL01$h1056
=STA  \\$aSUPPRESSED$bunable to determine reason for suppression
=LAS  \\$aW1711-1225$b00$c20171203$lBLL01$h1056

