=LDR  00930 am a22002533i 4500
=001  016738140
=003  Uk
=005  20140610161828.0
=006  m\\\\||\\d\|\\\\\\
=007  cr\|||||||||||
=008  140610s2013\\\\enk\\\\\o\\\\\0|0\0|eng\\
=FMT  \\$a  BK
=245  \0$aCommuting to Work in the United Kingdom :$bDefinitions, Concepts, Trends and Patterns.
=264  \1$aLeeds :$bUniversity of Leeds - School of Geography,$c2013.
=336  \\$atext$2rdacontent
=337  \\$acomputer$2rdamedia
=338  \\$aonline resource$2rdacarrier
=490  0\$aWorking paper ;$v13/1
=856  40$uhttp://www.geog.leeds.ac.uk/fileadmin/documents/research/csap/wpapers/13-01.pdf
=852  41$aBritish Library$bHMNTS$jELD Digital store
=CAT  \\$a12664$b40$c20140610$lBLL01$h1618
=CAT  \\$aW1711-1225$c20171203$lBLL01$h1056
=STA  \\$aSUPPRESSED$bunable to determine reason for suppression
=LAS  \\$aW1711-1225$b00$c20171203$lBLL01$h1056

