=LDR  00933 am a22002533i 4500
=001  016738146
=003  Uk
=005  20140610163607.0
=006  m\\\\||\\d\|\\\\\\
=007  cr\|||||||||||
=008  140610s2013\\\\enk\\\\\o\\\\\0|0\0|eng\\
=FMT  \\$a  BK
=245  \0$aFirm Growth and the Illusion of Radomness.
=264  \1$aCambridge :$bInstitute for manufacturing,$cJuly 2013.
=336  \\$atext$2rdacontent
=337  \\$acomputer$2rdamedia
=338  \\$aonline resource$2rdacarrier
=490  0\$aCentre for Technology Management Working Paper Series ;$vNo:2013/02
=856  40$uhttp://www.ifm.eng.cam.ac.uk/uploads/Research/CTM/working_paper/garnsey_july_2013.pdf
=852  41$aBritish Library$bHMNTS$jELD Digital store
=CAT  \\$a12664$b40$c20140610$lBLL01$h1636
=CAT  \\$aW1711-1225$c20171203$lBLL01$h1056
=STA  \\$aSUPPRESSED$bunable to determine reason for suppression
=LAS  \\$aW1711-1225$b00$c20171203$lBLL01$h1056

