=LDR  00934 am a22002653i 4500
=001  016739153
=003  Uk
=005  20140610172215.0
=006  m\\\\||\\d\|\\\\\\
=007  cr\|||||||||||
=008  140610s2013\\\\enk\\\\\o\\\\\0|0\0|eng\\
=FMT  \\$a  BK
=245  \4$aThe fungibility of health aid reconsidered.
=264  \1$aOxford :$bCentre for the Study of African Economies,$c2013.
=336  \\$atext$2rdacontent
=337  \\$acomputer$2rdamedia
=338  \\$aonline resource$2rdacarrier
=490  0\$aCSAE Working Paper ;$vWPS/2013-10
=856  40$uhttp://www.csae.ox.ac.uk/workingpapers/pdfs/csae-wps-2013-10.pdf
=852  41$aBritish Library$bHMNTS$jELD Digital store
=CAT  \\$a12664$b40$c20140610$lBLL01$h1718
=CAT  \\$a12664$b40$c20140610$lBLL01$h1722
=CAT  \\$aW1711-1225$c20171203$lBLL01$h1056
=STA  \\$aSUPPRESSED$bunable to determine reason for suppression
=LAS  \\$aW1711-1225$b00$c20171203$lBLL01$h1056

