=LDR  00914 am a22002533i 4500
=001  016739163
=003  Uk
=005  20140610173652.0
=006  m\\\\||\\d\|\\\\\\
=007  cr\|||||||||||
=008  140610s2013\\\\enk\\\\\o\\\\\0|0\0|eng\\
=FMT  \\$a  BK
=245  \0$aDoes Public-Sector Employment Fully Crowd Out Private-Sector Employment?
=264  \1$aOxford :$bCentre for the Study of African Economies,$c2013.
=336  \\$atext$2rdacontent
=337  \\$acomputer$2rdamedia
=338  \\$aonline resource$2rdacarrier
=490  0\$aCSAE Working Paper ;$vWPS/2013-20
=856  40$uhttp://www.csae.ox.ac.uk/workingpapers/pdfs/csae-wps-2013-20.pdf
=852  41$aBritish Library$bHMNTS$jELD Digital store
=CAT  \\$a12664$b40$c20140610$lBLL01$h1736
=CAT  \\$aW1711-1225$c20171203$lBLL01$h1056
=STA  \\$aSUPPRESSED$bunable to determine reason for suppression
=LAS  \\$aW1711-1225$b00$c20171203$lBLL01$h1056

