=LDR  01002 am a22002533i 4500
=001  016740826
=003  Uk
=005  20140616115829.0
=006  m\\\\||\\d\|\\\\\\
=007  cr\|||||||||||
=008  140616s2013\\\\enk\\\\\o\\\\\0|0\0|eng\\
=FMT  \\$a  BK
=245  \4$aThe Black Diamonds of Bahia (Carbonados) and the Building of Euro-America :$bA Half-century Supply Monopoly (1880s-1930s)
=264  \1$aMilton Keynes :$bOpen University,$c2013.
=336  \\$atext$2rdacontent
=337  \\$acomputer$2rdamedia
=338  \\$aonline resource$2rdacarrier
=490  0\$aCommodities of empire working paper,$x1756-0098 ;$vno. 21
=856  40$uhttp://www.open.ac.uk/Arts/ferguson-centre/commodities-of-empire/working-papers/WP21%20(final).pdf
=852  41$aBritish Library$bHMNTS$jELD Digital store
=CAT  \\$a12664$b40$c20140616$lBLL01$h1158
=CAT  \\$aW1711-1225$c20171203$lBLL01$h1056
=STA  \\$aSUPPRESSED$bunable to determine reason for suppression
=LAS  \\$aW1711-1225$b00$c20171203$lBLL01$h1056

