=LDR  00927 am a22002653i 4500
=001  016740937
=003  Uk
=005  20140616141829.0
=006  m\\\\||\\d\|\\\\\\
=007  cr\|||||||||||
=008  140616s2013\\\\enk\\\\\o\\\\\0|0\0|eng\\
=FMT  \\$a  BK
=245  \0$aSeries Estimation under Cross-sectional Dependence.
=264  \1$aLondon :$bLondon School of Economics and Political Science,$c2013.
=336  \\$atext$2rdacontent
=337  \\$acomputer$2rdamedia
=338  \\$aonline resource$2rdacarrier
=490  0\$aEconometrics Papers ;$vEM/2013/570
=856  40$uhttp://sticerd.lse.ac.uk/dps/em/em570.pdf
=852  41$aBritish Library$bHMNTS$jELD Digital store
=CAT  \\$a12664$b40$c20140616$lBLL01$h1417
=CAT  \\$a12664$b40$c20140616$lBLL01$h1418
=CAT  \\$aW1711-1225$c20171203$lBLL01$h1056
=STA  \\$aSUPPRESSED$bunable to determine reason for suppression
=LAS  \\$aW1711-1225$b00$c20171203$lBLL01$h1056

