=LDR  00928 am a22002533i 4500
=001  016741486
=003  Uk
=005  20140617135324.0
=006  m\\\\||\\d\|\\\\\\
=007  cr\|||||||||||
=008  140617s2014\\\\enk\\\\\o\\\\\0|0\0|eng\\
=FMT  \\$a  BK
=245  \0$aApplying the OSPAR habitat definition of deep-sea sponge aggregations to verify suspected records of the habitat in UK waters.
=264  \1$aPeterborough :$bJoint Nature Commission Committee,$c2014.
=336  \\$atext$2rdacontent
=337  \\$acomputer$2rdamedia
=338  \\$aonline resource$2rdacarrier
=490  0\$aJNCC Report ;$v508
=856  40$uhttp://jncc.defra.gov.uk/PDF/508_web2.pdf
=852  41$aBritish Library$bHMNTS$jELD Digital store
=CAT  \\$a12664$b40$c20140617$lBLL01$h1353
=CAT  \\$aW1711-1225$c20171203$lBLL01$h1056
=STA  \\$aSUPPRESSED$bunable to determine reason for suppression
=LAS  \\$aW1711-1225$b00$c20171203$lBLL01$h1056

