=LDR  00944 am a22002533i 4500
=001  016741489
=003  Uk
=005  20140617135514.0
=006  m\\\\||\\d\|\\\\\\
=007  cr\|||||||||||
=008  140617s2014\\\\enk\\\\\o\\\\\0|0\0|eng\\
=FMT  \\$a  BK
=245  \0$aDeveloping an interim technical definition for Coral Gardens specific for UK waters and its subsequent application to verify suspected records.
=264  \1$aPeterborough :$bJoint Nature Commission Committee,$c2014.
=336  \\$atext$2rdacontent
=337  \\$acomputer$2rdamedia
=338  \\$aonline resource$2rdacarrier
=490  0\$aJNCC Report ;$v507
=856  40$uhttp://jncc.defra.gov.uk/pdf/507_web.pdf
=852  41$aBritish Library$bHMNTS$jELD Digital store
=CAT  \\$a12664$b40$c20140617$lBLL01$h1355
=CAT  \\$aW1711-1225$c20171203$lBLL01$h1056
=STA  \\$aSUPPRESSED$bunable to determine reason for suppression
=LAS  \\$aW1711-1225$b00$c20171203$lBLL01$h1056

