=LDR  00915 am a22002653i 4500
=001  016742774
=003  Uk
=005  20140617175543.0
=006  m\\\\||\\d\|\\\\\\
=007  cr\|||||||||||
=008  140617s2012\\\\enk\\\\\o\\\\\0|0\0|eng\\
=FMT  \\$a  BK
=245  \0$aConscience Accounting :$bEmotional Dynamics and Social Behavior.
=264  \1$aLondon :$bLondon School of Economics,$c2012.
=336  \\$atext$2rdacontent
=337  \\$acomputer$2rdamedia
=338  \\$aonline resource$2rdacarrier
=490  0\$aDiscussion paper ;$vno. TE/2012/563
=500  \\$aTheoretical Economics Papers
=856  40$uhttp://sticerd.lse.ac.uk/dps/te/te563.pdf
=852  41$aBritish Library$bHMNTS$jELD Digital store
=CAT  \\$a12664$b40$c20140617$lBLL01$h1755
=CAT  \\$aW1711-1225$c20171203$lBLL01$h1056
=STA  \\$aSUPPRESSED$bunable to determine reason for suppression
=LAS  \\$aW1711-1225$b00$c20171203$lBLL01$h1056

