=LDR  00991 am a22002533i 4500
=001  016742820
=003  Uk
=005  20140618095959.0
=006  m\\\\||\\d\|\\\\\\
=007  cr\|||||||||||
=008  140618s2014\\\\enk\\\\\o\\\\\0|0\0|eng\\
=FMT  \\$a  BK
=245  \0$aJUST A FEW CENTS EACH DAY :$bCAN FIXED REGULAR DEPOSITS OVERCOME SAVINGS CONSTRAINTS? : EVIDENCE FROM A COMMITMENT SAVINGS PRODUCT IN BANGLADESH.
=264  \1$aLondon :$bLondon School of Economics,$c2014.
=336  \\$atext$2rdacontent
=337  \\$acomputer$2rdamedia
=338  \\$aonline resource$2rdacarrier
=490  0\$aEconomic Organisation and Public Policy Discussion Papers ;$vno. EOPP 51
=856  40$uhttp://sticerd.lse.ac.uk/dps/eopp/eopp51.pdf
=852  41$aBritish Library$bHMNTS$jELD Digital store
=CAT  \\$a12664$b40$c20140618$lBLL01$h0959
=CAT  \\$aW1711-1225$c20171203$lBLL01$h1056
=STA  \\$aSUPPRESSED$bunable to determine reason for suppression
=LAS  \\$aW1711-1225$b00$c20171203$lBLL01$h1056

