=LDR  01973cas a2200457 i 4500
=001  016743080
=003  Uk
=005  20140618151038.0
=006  m\\\\\|\\d\|\\\\\\
=007  cr\|||||||||||
=008  140618c200u9999ie\ar\\\o\\\\o0\\\a0eng\\
=FMT  \\$a  SE
=040  \\$aUk$beng$cUk$erda
=042  \\$aukblsr
=082  04$a352.15094173$223
=110  1\$aMayo (Ireland : County).$bCounty Council,$eauthor.
=245  10$aAnnual report /$cMayo County Council.
=246  13$aMayo County Council annual report
=264  \1$aCastlebar :$bMayo County Council
=300  \\$billustrations (colour)
=310  \\$aAnnual
=336  \\$atext$2rdacontent
=337  \\$acomputer$2rdamedia
=338  \\$aonline resource$2rdacarrier
=500  \\$aAccompanied on Web site by addenda or appendices, which correspond to a link in the report.
=588  \\$aDescription based on: 2001 issue; title from PDF cover (publisher's Web site, viewed June 18, 2014).
=588  \\$aLatest issue consulted: 2012 (viewed June 18, 2014).
=610  10$aMayo (Ireland : County).$bCounty Council$vPeriodicals.
=776  08$iPrint version:$aMayo (Ireland : County). County Council.$sAnnual report (Mayo (Ireland : County). County Council)
=776  08$iCD-ROM version:$aMayo (Ireland : County). County Council.$tAnnual report
=856  4\$uhttp://www.mayococo.ie/en/PublicationsandForms/AnnualReports/
=852  41$aBritish Library$bHMNTS$jDigital store$32010-
=CAT  \\$a3072$b40$c20140618$lBLL01$h1503
=CAT  \\$a3072$b40$c20140618$lBLL01$h1510
=CAT  \\$aW1711-1225$c20171203$lBLL01$h1056
=FIN  \\$aY$d20140618
=LET  \0$aMayo County Council annual report (Electronic)
=LKR  \\$aPAR$b007211505$lBLL01$r776$mAnnual report (Online)$nAnnual report (CD-ROM)
=LKR  \\$aPAR$b011158504$lBLL01$r776$mAnnual report (Online)$nAnnual report (Print)
=STA  \\$aSUPPRESSED$bunable to determine reason for suppression
=LAS  \\$aW1711-1225$b00$c20171203$lBLL01$h1056

