=LDR  01086 am a22002533i 4500
=001  016744606
=003  Uk
=005  20140619104910.0
=006  m\\\\||\\d\|\\\\\\
=007  cr\|||||||||||
=008  140619s2013\\\\enk\\\\\o\\\\\0|0\0|eng\\
=FMT  \\$a  BK
=245  \4$aThe FV Carhelmar beam trawl survey of the western English Channel (1989-2011) :$bHistory of the survey, data availability and the distribution and relative abundance of fish and commercial shellfish.
=264  \1$aLowestoft :$bCentre for Environment Fisheries & Aquaculture Science,$c2013.
=336  \\$atext$2rdacontent
=337  \\$acomputer$2rdamedia
=338  \\$aonline resource$2rdacarrier
=490  0\$aScience Series Technical Report ;$vno. 151
=856  40$uhttp://www.cefas.defra.gov.uk/publications/techrep/SciencetechnicalReportNo151.pdf
=852  41$aBritish Library$bHMNTS$jELD Digital store
=CAT  \\$a12664$b40$c20140619$lBLL01$h1049
=CAT  \\$aW1711-1225$c20171203$lBLL01$h1056
=STA  \\$aSUPPRESSED$bunable to determine reason for suppression
=LAS  \\$aW1711-1225$b00$c20171203$lBLL01$h1056

