=LDR  00896 am a22002653i 4500
=001  016748540
=003  Uk
=005  20140625144225.0
=006  m\\\\||\\d\|\\\\\\
=007  cr\|||||||||||
=008  140625s2013\\\\enk\\\\\o\\\\\0|0\0|eng\\
=FMT  \\$a  BK
=020  \\$z9781784121754
=245  \0$aDevelopment Management Procedures.
=264  \1$aEdinburgh :$bScottish Government,$c2013.
=336  \\$atext$2rdacontent
=337  \\$acomputer$2rdamedia
=338  \\$aonline resource$2rdacarrier
=490  0\$aScottish Planning series, planning circular ;$v3/2013
=856  40$uhttp://www.scotland.gov.uk/Resource/0044/00441568.pdf
=852  41$aBritish Library$bHMNTS$jELD Digital store
=CAT  \\$a12664$b40$c20140625$lBLL01$h1442
=CAT  \\$aW1711-1225$c20171203$lBLL01$h1056
=STA  \\$aSUPPRESSED$bunable to determine reason for suppression
=LAS  \\$aW1711-1225$b00$c20171203$lBLL01$h1056

