=LDR  01035 am a22002893i 4500
=001  016748620
=003  Uk
=005  20140625162208.0
=006  m\\\\||\\d\|\\\\\\
=007  cr\|||||||||||
=008  140625s2014\\\\enk\\\\\o\\\\\0|0\0|eng\\
=FMT  \\$a  BK
=020  \\$z9781784121709
=245  \0$aConsultation on the draft Scottish Climate Change Adaptation Programme :$bAnalysis of responses.
=264  \1$aEdinburgh :$bScottish Government,$c2014.
=336  \\$atext$2rdacontent
=337  \\$acomputer$2rdamedia
=338  \\$aonline resource$2rdacarrier
=490  0\$aResearch findings ;$vno. 12/2014
=856  40$uhttp://www.scotland.gov.uk/Resource/0044/00441041.pdf
=852  41$aBritish Library$bHMNTS$jELD Digital store
=CAT  \\$a12664$b40$c20140625$lBLL01$h1619
=CAT  \\$a12664$b40$c20140625$lBLL01$h1621
=CAT  \\$a12664$b40$c20140625$lBLL01$h1622
=CAT  \\$aW1711-1225$c20171203$lBLL01$h1056
=STA  \\$aSUPPRESSED$bunable to determine reason for suppression
=LAS  \\$aW1711-1225$b00$c20171203$lBLL01$h1056

