=LDR  00922 am a22002533i 4500
=001  016780302
=003  Uk
=005  20140710164156.0
=006  m\\\\||\\d\|\\\\\\
=007  cr\|||||||||||
=008  140710s2014\\\\enk\\\\\o\\\\\0|0\0|eng\\
=FMT  \\$a  BK
=245  \0$aNORM Waste Strategy Consultation : Supporting document :$bResults of the Data Collection Exercise.
=264  \1$aEdinburgh :$bScottish Government Publications,$c2014.
=336  \\$atext$2rdacontent
=337  \\$acomputer$2rdamedia
=338  \\$aonline resource$2rdacarrier
=856  40$uhttp://www.scotland.gov.uk/Resource/0044/00443254.pdf
=852  41$aBritish Library$bHMNTS$jELD Digital store
=CAT  \\$a12664$b40$c20140710$lBLL01$h1640
=CAT  \\$a12664$b40$c20140710$lBLL01$h1641
=CAT  \\$aW1711-1225$c20171203$lBLL01$h1056
=STA  \\$aSUPPRESSED$bunable to determine reason for suppression
=LAS  \\$aW1711-1225$b00$c20171203$lBLL01$h1056

