=LDR  00923 am a22002413i 4500
=001  016780305
=003  Uk
=005  20140710164435.0
=006  m\\\\||\\d\|\\\\\\
=007  cr\|||||||||||
=008  140710s2013\\\\enk\\\\\o\\\\\0|0\0|eng\\
=FMT  \\$a  BK
=245  \2$aA REVIEW OF UK LEGISLATION AND POLICY RELATING TO NORM WASTE MANAGEMENT :$bIn support of the development of a UK Strategy for NORM Waste Management.
=264  \1$aEdinburgh :$bScottish Government Publications,$c2013.
=336  \\$atext$2rdacontent
=337  \\$acomputer$2rdamedia
=338  \\$aonline resource$2rdacarrier
=856  40$uhttp://www.scotland.gov.uk/Resource/0044/00443256.pdf
=852  41$aBritish Library$bHMNTS$jELD Digital store
=CAT  \\$a12664$b40$c20140710$lBLL01$h1644
=CAT  \\$aW1711-1225$c20171203$lBLL01$h1056
=STA  \\$aSUPPRESSED$bunable to determine reason for suppression
=LAS  \\$aW1711-1225$b00$c20171203$lBLL01$h1056

