=LDR  01046 am a22002533i 4500
=001  016780307
=003  Uk
=005  20140710164818.0
=006  m\\\\||\\d\|\\\\\\
=007  cr\|||||||||||
=008  140710s2014\\\\enk\\\\\o\\\\\0|0\0|eng\\
=FMT  \\$a  BK
=245  \0$aEnvironmental Assessment of Plans and Programmes Regulations 2004 :$bStrategy for the Management of Naturally Occurring Radioactive Material (NORM) Waste in the United Kingdom : a consultation.
=264  \1$aEdinburgh :$bScottish Government Publications,$c2014.
=336  \\$atext$2rdacontent
=337  \\$acomputer$2rdamedia
=338  \\$aonline resource$2rdacarrier
=490  0\$aStrategic Environmental Assessment (SEA) Environmental Report
=856  40$uhttp://www.scotland.gov.uk/Resource/0044/00443258.pdf
=852  41$aBritish Library$bHMNTS$jELD Digital store
=CAT  \\$a12664$b40$c20140710$lBLL01$h1648
=CAT  \\$aW1711-1225$c20171203$lBLL01$h1056
=STA  \\$aSUPPRESSED$bunable to determine reason for suppression
=LAS  \\$aW1711-1225$b00$c20171203$lBLL01$h1056

