=LDR  00985 am a22002653i 4500
=001  016780313
=003  Uk
=005  20140710165417.0
=006  m\\\\||\\d\|\\\\\\
=007  cr\|||||||||||
=008  140710s2014\\\\enk\\\\\o\\\\\0|0\0|eng\\
=FMT  \\$a  BK
=020  \\$z9781784122454
=245  \0$aSetting the Direction For Nursing and Midwifery Education in Scotland :$bThe strategic aims from the Chief Nursing Officer's Education Review.
=264  \1$aEdinburgh :$bScottish Government Publications,$c2014.
=336  \\$atext$2rdacontent
=337  \\$acomputer$2rdamedia
=338  \\$aonline resource$2rdacarrier
=500  \\$aDPPAS14508 (02/14).
=856  40$uhttp://www.scotland.gov.uk/Resource/0044/00443655.pdf
=852  41$aBritish Library$bHMNTS$jELD Digital store
=CAT  \\$a12664$b40$c20140710$lBLL01$h1654
=CAT  \\$aW1711-1225$c20171203$lBLL01$h1056
=STA  \\$aSUPPRESSED$bunable to determine reason for suppression
=LAS  \\$aW1711-1225$b00$c20171203$lBLL01$h1056

