=LDR  00918 am a22002653i 4500
=001  016780315
=003  Uk
=005  20140710170608.0
=006  m\\\\||\\d\|\\\\\\
=007  cr\|||||||||||
=008  140710s2014\\\\enk\\\\\o\\\\\0|0\0|eng\\
=FMT  \\$a  BK
=020  \\$z9781847541069
=245  \0$aClimate Change Adaptation Manual :$bEvidence to support nature conservation in a changing climate.
=264  \1$aSheffield :$bNatural England,$c2014.
=336  \\$atext$2rdacontent
=337  \\$acomputer$2rdamedia
=338  \\$aonline resource$2rdacarrier
=500  \\$aNE546
=856  40$uhttp://publications.naturalengland.org.uk/file/5421269361098752
=852  41$aBritish Library$bHMNTS$jELD Digital store
=CAT  \\$a12664$b40$c20140710$lBLL01$h1706
=CAT  \\$aW1711-1225$c20171203$lBLL01$h1056
=STA  \\$aSUPPRESSED$bunable to determine reason for suppression
=LAS  \\$aW1711-1225$b00$c20171203$lBLL01$h1056

