=LDR  01030 am a22002653i 4500
=001  016780323
=003  Uk
=005  20140710180647.0
=006  m\\\\||\\d\|\\\\\\
=007  cr\|||||||||||
=008  140710s2014\\\\enk\\\\\o\\\\\0|0\0|eng\\
=FMT  \\$a  BK
=245  \0$aUK review of the provision of information about higher education :$bNational Student Survey results and trends analysis 2005-2013.
=264  \1$aBristol :$bHigher Education Funding Council for England,$c2014.
=336  \\$atext$2rdacontent
=337  \\$acomputer$2rdamedia
=338  \\$aonline resource$2rdacarrier
=490  0\$aIssues Paper$vJuly 2014/13
=856  40$uhttp://www.hefce.ac.uk/media/hefce/content/pubs/2014/201413/HEFCE2014_13.pdf
=852  41$aBritish Library$bHMNTS$jELD Digital store
=CAT  \\$a12664$b40$c20140710$lBLL01$h1804
=CAT  \\$a12664$b40$c20140710$lBLL01$h1806
=CAT  \\$aW1711-1225$c20171203$lBLL01$h1056
=STA  \\$aSUPPRESSED$bunable to determine reason for suppression
=LAS  \\$aW1711-1225$b00$c20171203$lBLL01$h1056

