=LDR  00904 am a22002413i 4500
=001  016780326
=003  Uk
=005  20140710181432.0
=006  m\\\\||\\d\|\\\\\\
=007  cr\|||||||||||
=008  140710s2014\\\\enk\\\\\o\\\\\0|0\0|eng\\
=FMT  \\$a  BK
=245  \0$aCentre Forward :$bEffective Support for the Prime Minister at the Centre of Government.
=264  \1$aLondon :$bInstitute for Government,$c2014.
=336  \\$atext$2rdacontent
=337  \\$acomputer$2rdamedia
=338  \\$aonline resource$2rdacarrier
=856  40$uhttp://www.instituteforgovernment.org.uk/sites/default/files/publications/Centre%20Forward%20-%20Final.pdf
=852  41$aBritish Library$bHMNTS$jELD Digital store
=CAT  \\$a12664$b40$c20140710$lBLL01$h1814
=CAT  \\$aW1711-1225$c20171203$lBLL01$h1056
=STA  \\$aSUPPRESSED$bunable to determine reason for suppression
=LAS  \\$aW1711-1225$b00$c20171203$lBLL01$h1056

