=LDR  00990 am a22002533i 4500
=001  016786063
=003  Uk
=005  20140716105023.0
=006  m\\\\||\\d\|\\\\\\
=007  cr\|||||||||||
=008  140716s2014\\\\enk\\\\\o\\\\\0|0\0|eng\\
=FMT  \\$a  BK
=245  00$aHealth information, treatment, and worker productivity :$bExperimental evidence from malaria testing and treatment among Nigerian sugarcane cutters.
=264  \1$aOxford :$bCentre for the Study of African Economies,$c2014.
=336  \\$atext$2rdacontent
=337  \\$acomputer$2rdamedia
=338  \\$aonline resource$2rdacarrier
=490  0\$aCSAE Working Paper ;$vWPS/2013-13
=856  40$uhttp://www.csae.ox.ac.uk/workingpapers/pdfs/csae-wps-2014-13.pdf
=852  41$aBritish Library$bHMNTS$jELD Digital store
=CAT  \\$a12664$b40$c20140716$lBLL01$h1050
=CAT  \\$aW1711-1225$c20171203$lBLL01$h1056
=STA  \\$aSUPPRESSED$bunable to determine reason for suppression
=LAS  \\$aW1711-1225$b00$c20171203$lBLL01$h1056

