=LDR  00871 am a22002413i 4500
=001  016786168
=003  Uk
=005  20140716133434.0
=006  m\\\\||\\d\|\\\\\\
=007  cr\|||||||||||
=008  140716s2013\\\\enk\\\\\o\\\\\0|0\0|eng\\
=FMT  \\$a  BK
=245  \0$aRestoration Scheme for Bolton Fell Moss :$bPART 2 : General Particulars : Planning Application Version.
=264  \1$aSheffield :$bNatural England,$c2013.
=336  \\$atext$2rdacontent
=337  \\$acomputer$2rdamedia
=338  \\$aonline resource$2rdacarrier
=856  40$uhttp://publications.naturalengland.org.uk/file/4708058391379968
=852  41$aBritish Library$bHMNTS$jELD Digital store
=CAT  \\$a12664$b40$c20140716$lBLL01$h1334
=CAT  \\$aW1711-1225$c20171203$lBLL01$h1056
=STA  \\$aSUPPRESSED$bunable to determine reason for suppression
=LAS  \\$aW1711-1225$b00$c20171203$lBLL01$h1056

