=LDR  00978 am a22002773i 4500
=001  016786179
=003  Uk
=005  20150716095516.0
=006  m\\\\||\\d\|\\\\\\
=007  cr\|||||||||||
=008  140716s2014\\\\enk\\\\\o\\\\\0|0\0|eng\\
=FMT  \\$a  BK
=245  \0$aNew Forest SSSI Geomorphological Survey Overview.
=264  \1$aSheffield :$bNatural England,$c2014.
=336  \\$atext$2rdacontent
=337  \\$acomputer$2rdamedia
=338  \\$aonline resource$2rdacarrier
=490  0\$aNatural England Commissioned Report ;$vNECR141
=856  40$uhttp://publications.naturalengland.org.uk/file/5853879312842752
=852  41$aBritish Library$bHMNTS$jELD Digital store
=CAT  \\$a12664$b40$c20140716$lBLL01$h1350
=CAT  \\$a12664$b40$c20140716$lBLL01$h1354
=CAT  \\$a10983$b40$c20150716$lBLL01$h0955
=CAT  \\$aW1711-1225$c20171203$lBLL01$h1056
=STA  \\$aSUPPRESSED$bunable to determine reason for suppression
=LAS  \\$aW1711-1225$b00$c20171203$lBLL01$h1056

