=LDR  00977 am a22002533i 4500
=001  016786238
=003  Uk
=005  20140716154055.0
=006  m\\\\||\\d\|\\\\\\
=007  cr\|||||||||||
=008  140716s2014\\\\enk\\\\\o\\\\\0|0\0|eng\\
=FMT  \\$a  BK
=245  \0$aTrade Liberalization, Intermediate Inputs and Firm Efficiency :$bDirect versus Indirect Modes of Import.
=264  \1$aNottingham :$bUniversity of Nottingham,$c2014.
=336  \\$atext$2rdacontent
=337  \\$acomputer$2rdamedia
=338  \\$aonline resource$2rdacarrier
=490  0\$aResearch paper series, Globalisation, Productivity and Technology ;$v2014/02
=856  40$uhttp://www.nottingham.ac.uk/gep/documents/papers/2014/2014-02.pdf
=852  41$aBritish Library$bHMNTS$jELD Digital store
=CAT  \\$a12664$b40$c20140716$lBLL01$h1540
=CAT  \\$aW1711-1225$c20171203$lBLL01$h1056
=STA  \\$aSUPPRESSED$bunable to determine reason for suppression
=LAS  \\$aW1711-1225$b00$c20171203$lBLL01$h1056

