=LDR  00899 am a22002413i 4500
=001  016786282
=003  Uk
=005  20140716162445.0
=006  m\\\\||\\d\|\\\\\\
=007  cr\|||||||||||
=008  140716s2014\\\\enk\\\\\o\\\\\0|0\0|eng\\
=FMT  \\$a  BK
=245  \0$aAttitudes towards Equality :$bFindings from the YouGov Survey.
=264  \1$aLondon :$bDepartment for Culture, Media and Sport,$c2014.
=336  \\$atext$2rdacontent
=337  \\$acomputer$2rdamedia
=338  \\$aonline resource$2rdacarrier
=856  40$uhttps://www.gov.uk/government/uploads/system/uploads/attachment_data/file/316290/Attitudes_towards_Equality.pdf
=852  41$aBritish Library$bHMNTS$jELD Digital store
=CAT  \\$a12664$b40$c20140716$lBLL01$h1624
=CAT  \\$aW1711-1225$c20171203$lBLL01$h1056
=STA  \\$aSUPPRESSED$bunable to determine reason for suppression
=LAS  \\$aW1711-1225$b00$c20171203$lBLL01$h1056

