=LDR  01022 am a22002533i 4500
=001  016786347
=003  Uk
=005  20140717092108.0
=006  m\\\\||\\d\|\\\\\\
=007  cr\|||||||||||
=008  140717s2014\\\\enk\\\\\o\\\\\0|0\0|eng\\
=FMT  \\$a  BK
=245  \0$aMemorandum of assurance and accountability between HEFCE and institutions :$bTerms and conditions for payment of HEFCE grants to higher education institutions.
=264  \1$aBristol :$bHigher Education Funding Council for England,$c2014.
=336  \\$atext$2rdacontent
=337  \\$acomputer$2rdamedia
=338  \\$aonline resource$2rdacarrier
=490  0\$aCore operations report ;$vJune 2014/12
=856  40$uhttp://www.hefce.ac.uk/media/hefce/content/pubs/2014/201412/HEFCE2014_12.pdf
=852  41$aBritish Library$bHMNTS$jELD Digital store
=CAT  \\$a12664$b40$c20140717$lBLL01$h0921
=CAT  \\$aW1711-1225$c20171203$lBLL01$h1056
=STA  \\$aSUPPRESSED$bunable to determine reason for suppression
=LAS  \\$aW1711-1225$b00$c20171203$lBLL01$h1056

