=LDR  00954 am a22002533i 4500
=001  016786351
=003  Uk
=005  20140717093159.0
=006  m\\\\||\\d\|\\\\\\
=007  cr\|||||||||||
=008  140717s2014\\\\enk\\\\\o\\\\\0|0\0|eng\\
=FMT  \\$a  BK
=245  \0$aGlobal demand for English higher education :$bAn analysis of international student entry to English higher education courses.
=264  \1$aBristol :$bHigher Education Funding Council for England,$c2014.
=336  \\$atext$2rdacontent
=337  \\$acomputer$2rdamedia
=338  \\$aonline resource$2rdacarrier
=500  \\$a2014/08a
=856  40$uhttp://www.hefce.ac.uk/media/hefce/content/heinengland/HEFCE2014_08a.pdf
=852  41$aBritish Library$bHMNTS$jELD Digital store
=CAT  \\$a12664$b40$c20140717$lBLL01$h0931
=CAT  \\$aW1711-1225$c20171203$lBLL01$h1056
=STA  \\$aSUPPRESSED$bunable to determine reason for suppression
=LAS  \\$aW1711-1225$b00$c20171203$lBLL01$h1056

