=LDR  01028 am a22002773i 4500
=001  016786359
=003  Uk
=005  20140717093920.0
=006  m\\\\||\\d\|\\\\\\
=007  cr\|||||||||||
=008  140717s2014\\\\enk\\\\\o\\\\\0|0\0|eng\\
=FMT  \\$a  BK
=245  \0$aPolicy for open access in the post-2014 Research Excellence Framework.
=264  \1$aBristol :$bHigher Education Funding Council for England,$c2014.
=336  \\$atext$2rdacontent
=337  \\$acomputer$2rdamedia
=338  \\$aonline resource$2rdacarrier
=490  0\$aPolicy development Statement of policy ;$vMarch 2014/07
=500  \\$aref: 2014/07
=856  40$uhttp://www.hefce.ac.uk/media/hefce/content/pubs/2014/201407/HEFCE2014_07.pdf
=852  41$aBritish Library$bHMNTS$jELD Digital store
=CAT  \\$a12664$b40$c20140717$lBLL01$h0935
=CAT  \\$a12664$b40$c20140717$lBLL01$h0939
=CAT  \\$aW1711-1225$c20171203$lBLL01$h1056
=STA  \\$aSUPPRESSED$bunable to determine reason for suppression
=LAS  \\$aW1711-1225$b00$c20171203$lBLL01$h1056

