=LDR  01014 am a22002653i 4500
=001  016786365
=003  Uk
=005  20140717094322.0
=006  m\\\\||\\d\|\\\\\\
=007  cr\|||||||||||
=008  140717s2014\\\\enk\\\\\o\\\\\0|0\0|eng\\
=FMT  \\$a  BK
=245  \0$aRecurrent grants for 2013-14 :$bAdjusted allocations.
=264  \1$aBristol :$bHigher Education Funding Council for England,$c2014.
=336  \\$atext$2rdacontent
=337  \\$acomputer$2rdamedia
=338  \\$aonline resource$2rdacarrier
=490  0\$aCore funding/operations Allocation of funds ;$vMarch 2014/04
=500  \\$aref: 2014/04
=856  40$uhttp://www.hefce.ac.uk/media/hefce/content/pubs/2014/201406/Guide%20to%20funding%20and%20SNCs%202013-14%20and%202014-15.pdf
=852  41$aBritish Library$bHMNTS$jELD Digital store
=CAT  \\$a12664$b40$c20140717$lBLL01$h0943
=CAT  \\$aW1711-1225$c20171203$lBLL01$h1056
=STA  \\$aSUPPRESSED$bunable to determine reason for suppression
=LAS  \\$aW1711-1225$b00$c20171203$lBLL01$h1056

