=LDR  00930 am a22002653i 4500
=001  016786373
=003  Uk
=005  20140717095119.0
=006  m\\\\||\\d\|\\\\\\
=007  cr\|||||||||||
=008  140717s2014\\\\enk\\\\\o\\\\\0|0\0|eng\\
=FMT  \\$a  BK
=245  \0$aDifferences in degree outcomes :$bKey findings.
=264  \1$aBristol :$bHigher Education Funding Council for England,$c2014.
=336  \\$atext$2rdacontent
=337  \\$acomputer$2rdamedia
=338  \\$aonline resource$2rdacarrier
=490  0\$aIssues paper ;$vMarch 2014/03
=500  \\$aref: 2014/03
=856  40$uhttp://www.hefce.ac.uk/media/hefce/content/pubs/2014/201403/HEFCE2014_03.pdf
=852  41$aBritish Library$bHMNTS$jELD Digital store
=CAT  \\$a12664$b40$c20140717$lBLL01$h0951
=CAT  \\$aW1711-1225$c20171203$lBLL01$h1056
=STA  \\$aSUPPRESSED$bunable to determine reason for suppression
=LAS  \\$aW1711-1225$b00$c20171203$lBLL01$h1056

