=LDR  00920 am a22002533i 4500
=001  016798105
=003  Uk
=005  20140725094127.0
=006  m\\\\||\\d\|\\\\\\
=007  cr\|||||||||||
=008  140725s2013\\\\enk\\\\\o\\\\\0|0\0|eng\\
=FMT  \\$a  BK
=245  \0$aAgreement holder participation in the self-assessment of Higher Level Stewardship agreements.
=264  \1$aSheffield :$bNatural England,$c2013.
=336  \\$atext$2rdacontent
=337  \\$acomputer$2rdamedia
=338  \\$aonline resource$2rdacarrier
=490  0\$aNatural England Research Report ;$vNERR048
=856  40$uhttp://publications.naturalengland.org.uk/file/6224172384518144
=852  41$aBritish Library$bHMNTS$jELD Digital store
=CAT  \\$a12664$b40$c20140725$lBLL01$h0941
=CAT  \\$aW1711-1225$c20171203$lBLL01$h1056
=STA  \\$aSUPPRESSED$bunable to determine reason for suppression
=LAS  \\$aW1711-1225$b00$c20171203$lBLL01$h1056

