=LDR  00949 am a22002533i 4500
=001  016798112
=003  Uk
=005  20140725094705.0
=006  m\\\\||\\d\|\\\\\\
=007  cr\|||||||||||
=008  140725s2013\\\\enk\\\\\o\\\\\0|0\0|eng\\
=FMT  \\$a  BK
=245  \0$aEvaluating the impacts of limiting free choice in management option selection by Entry Level Stewardship (ELS) applicants.
=264  \1$aSheffield :$bNatural England,$c2013.
=336  \\$atext$2rdacontent
=337  \\$acomputer$2rdamedia
=338  \\$aonline resource$2rdacarrier
=490  0\$aNatural England Research Report ;$vNECR117
=856  40$uhttp://publications.naturalengland.org.uk/file/6666020097884160
=852  41$aBritish Library$bHMNTS$jELD Digital store
=CAT  \\$a12664$b40$c20140725$lBLL01$h0947
=CAT  \\$aW1711-1225$c20171203$lBLL01$h1056
=STA  \\$aSUPPRESSED$bunable to determine reason for suppression
=LAS  \\$aW1711-1225$b00$c20171203$lBLL01$h1056

