=LDR  00876 am a22002533i 4500
=001  016798152
=003  Uk
=005  20140725104820.0
=006  m\\\\||\\d\|\\\\\\
=007  cr\|||||||||||
=008  140725s2014\\\\enk\\\\\o\\\\\0|0\0|eng\\
=FMT  \\$a  BK
=245  \0$aNew Forest SSSI Ecohydrological Survey Overview.
=264  \1$aSheffield :$bNatural England,$c2014.
=336  \\$atext$2rdacontent
=337  \\$acomputer$2rdamedia
=338  \\$aonline resource$2rdacarrier
=490  0\$aManagement and restoration plans ;$vNECR141
=856  40$uhttp://publications.naturalengland.org.uk/file/6525611761729536
=852  41$aBritish Library$bHMNTS$jELD Digital store
=CAT  \\$a12664$b40$c20140725$lBLL01$h1048
=CAT  \\$aW1711-1225$c20171203$lBLL01$h1056
=STA  \\$aSUPPRESSED$bunable to determine reason for suppression
=LAS  \\$aW1711-1225$b00$c20171203$lBLL01$h1056

