=LDR  01035 am a22002413i 4500
=001  016813133
=003  Uk
=005  20140805095937.0
=006  m\\\\||\\d\|\\\\\\
=007  cr\|||||||||||
=008  140805s2014\\\\enk\\\\\o\\\\\0|0\0|eng\\
=FMT  \\$a  BK
=245  \0$aGOVERNMENT AND MAYOR OF LONDON RESPONSE TO THE HOUSE OF LORDS SELECT COMMITTEE ON OLYMPIC AND PARALYMPIC LEGACY REPORT OF SESSION 2013-14 :$b'KEEPING THE FLAME ALIVE : THE OLYMPIC AND PARALYMPIC LEGACY'.
=264  \1$aLondon :$bDepartment for Culture, Media and Sport,$c2014.
=336  \\$atext$2rdacontent
=337  \\$acomputer$2rdamedia
=338  \\$aonline resource$2rdacarrier
=856  40$uhttps://www.gov.uk/government/uploads/system/uploads/attachment_data/file/279480/CM8814_Accessible.pdf
=852  41$aBritish Library$bHMNTS$jELD Digital store
=CAT  \\$a12664$b40$c20140805$lBLL01$h0959
=CAT  \\$aW1711-1225$c20171203$lBLL01$h1056
=STA  \\$aSUPPRESSED$bunable to determine reason for suppression
=LAS  \\$aW1711-1225$b00$c20171203$lBLL01$h1056

