=LDR  00931 am a22002413i 4500
=001  016813153
=003  Uk
=005  20140805103006.0
=006  m\\\\||\\d\|\\\\\\
=007  cr\|||||||||||
=008  140805s2014\\\\enk\\\\\o\\\\\0|0\0|eng\\
=FMT  \\$a  BK
=245  \0$aProposal to Authorise Motor Sport Events on Public Roads :$bGovernment Response.
=264  \1$aLondon :$bDepartment for Culture, Media and Sport,$c2014.
=336  \\$atext$2rdacontent
=337  \\$acomputer$2rdamedia
=338  \\$aonline resource$2rdacarrier
=856  40$uhttps://www.gov.uk/government/uploads/system/uploads/attachment_data/file/329827/Motorsports_Consultation_Response_FINAL.DOCX
=852  41$aBritish Library$bHMNTS$jELD Digital store
=CAT  \\$a12664$b40$c20140805$lBLL01$h1030
=CAT  \\$aW1711-1225$c20171203$lBLL01$h1056
=STA  \\$aSUPPRESSED$bunable to determine reason for suppression
=LAS  \\$aW1711-1225$b00$c20171203$lBLL01$h1056

