=LDR  00964 am a22002533i 4500
=001  016817486
=003  Uk
=005  20140806095648.0
=006  m\\\\||\\d\|\\\\\\
=007  cr\|||||||||||
=008  140806s2014\\\\enk\\\\\o\\\\\0|0\0|eng\\
=FMT  \\$a  BK
=245  \0$aEuropean Site Conservation Objectives for Thorne and Hatfield Moors Special Protection Area :$bsite code UK9005171.
=264  \1$aSheffield :$bNatural England,$c2014.
=336  \\$atext$2rdacontent
=337  \\$acomputer$2rdamedia
=338  \\$aonline resource$2rdacarrier
=490  0\$aConservation objectives for European Sites: Yorkshire and Humber
=856  40$uhttp://publications.naturalengland.org.uk/file/6231911823310848
=852  41$aBritish Library$bHMNTS$jELD Digital store
=CAT  \\$a12664$b40$c20140806$lBLL01$h0956
=CAT  \\$aW1711-1225$c20171203$lBLL01$h1056
=STA  \\$aSUPPRESSED$bunable to determine reason for suppression
=LAS  \\$aW1711-1225$b00$c20171203$lBLL01$h1056

