=LDR  00942 am a22002533i 4500
=001  016817517
=003  Uk
=005  20140806103546.0
=006  m\\\\||\\d\|\\\\\\
=007  cr\|||||||||||
=008  140806s2014\\\\enk\\\\\o\\\\\0|0\0|eng\\
=FMT  \\$a  BK
=245  \0$aSouth Pennine Moors :$bEC Directive 92/43 on the Conservation of Natural Habitats and of Wild Fauna and Flora.
=264  \1$aSheffield :$bNatural England,$c2014.
=336  \\$atext$2rdacontent
=337  \\$acomputer$2rdamedia
=338  \\$aonline resource$2rdacarrier
=490  0\$aCitation for Special Area of Conservation (SAC)
=856  40$uhttp://publications.naturalengland.org.uk/file/4643219392430080
=852  41$aBritish Library$bHMNTS$jELD Digital store
=CAT  \\$a12664$b40$c20140806$lBLL01$h1035
=CAT  \\$aW1711-1225$c20171203$lBLL01$h1056
=STA  \\$aSUPPRESSED$bunable to determine reason for suppression
=LAS  \\$aW1711-1225$b00$c20171203$lBLL01$h1056

