=LDR  01011 am a22002653i 4500
=001  016817566
=003  Uk
=005  20140806111509.0
=006  m\\\\||\\d\|\\\\\\
=007  cr\|||||||||||
=008  140806s2014\\\\enk\\\\\o\\\\\0|0\0|eng\\
=FMT  \\$a  BK
=245  \0$aFurther information on POLAR3 :$bAn analysis of geography, disadvantage and entrants to higher education.
=264  \1$aBristol :$bHigher Education Funding Council for England,$c2014.
=336  \\$atext$2rdacontent
=337  \\$acomputer$2rdamedia
=338  \\$aonline resource$2rdacarrier
=490  0\$aIssues paper ;$vFebruary 2014/01
=856  40$uhttp://www.hefce.ac.uk/media/hefce/content/pubs/2014/201401/HEFCE2014_01.pdf
=852  41$aBritish Library$bHMNTS$jELD Digital store
=CAT  \\$a12664$b40$c20140806$lBLL01$h1113
=CAT  \\$a12664$b40$c20140806$lBLL01$h1115
=CAT  \\$aW1711-1225$c20171203$lBLL01$h1056
=STA  \\$aSUPPRESSED$bunable to determine reason for suppression
=LAS  \\$aW1711-1225$b00$c20171203$lBLL01$h1056

