=LDR  00912 am a22002533i 4500
=001  016817571
=003  Uk
=005  20140806111622.0
=006  m\\\\||\\d\|\\\\\\
=007  cr\|||||||||||
=008  140806s2013\\\\enk\\\\\o\\\\\0|0\0|eng\\
=FMT  \\$a  BK
=245  \0$aIntentions After Graduation Survey 2013 :$bInitial findings.
=264  \1$aBristol :$bHigher Education Funding Council for England,$c2013.
=336  \\$atext$2rdacontent
=337  \\$acomputer$2rdamedia
=338  \\$aonline resource$2rdacarrier
=490  0\$aIssues paper ;$vDecember 2013/34
=856  40$uhttp://www.hefce.ac.uk/media/hefce/content/pubs/2013/201334/2013_34.pdf
=852  41$aBritish Library$bHMNTS$jELD Digital store
=CAT  \\$a12664$b40$c20140806$lBLL01$h1116
=CAT  \\$aW1711-1225$c20171203$lBLL01$h1056
=STA  \\$aSUPPRESSED$bunable to determine reason for suppression
=LAS  \\$aW1711-1225$b00$c20171203$lBLL01$h1056

