=LDR  00991 am a22002653i 4500
=001  016817606
=003  Uk
=005  20140806114003.0
=006  m\\\\||\\d\|\\\\\\
=007  cr\|||||||||||
=008  140806s2013\\\\enk\\\\\o\\\\\0|0\0|eng\\
=FMT  \\$a  BK
=245  \0$aEnsuring a sustainable supply of pharmacy graduates :$bProposals for consultation (first stage).
=264  \1$aBristol :$bHigher Education Funding Council for England,$c2013.
=336  \\$atext$2rdacontent
=337  \\$acomputer$2rdamedia
=338  \\$aonline resource$2rdacarrier
=490  0\$aPolicy development ;$vSeptember 2013/19
=500  \\$aref: 2013/19.
=856  40$uhttp://www.hefce.ac.uk/media/hefce/content/pubs/2013/201319/HEFCE_2013_19.pdf
=852  41$aBritish Library$bHMNTS$jELD Digital store
=CAT  \\$a12664$b40$c20140806$lBLL01$h1140
=CAT  \\$aW1711-1225$c20171203$lBLL01$h1056
=STA  \\$aSUPPRESSED$bunable to determine reason for suppression
=LAS  \\$aW1711-1225$b00$c20171203$lBLL01$h1056

