=LDR  01044 am a22002653i 4500
=001  016817616
=003  Uk
=005  20140806114708.0
=006  m\\\\||\\d\|\\\\\\
=007  cr\|||||||||||
=008  140806s2013\\\\enk\\\\\o\\\\\0|0\0|eng\\
=FMT  \\$a  BK
=245  \0$aConsultation on open access in the post-2014 Research Excellence Framework.
=264  \1$aBristol :$bHigher Education Funding Council for England,$c2013.
=336  \\$atext$2rdacontent
=337  \\$acomputer$2rdamedia
=338  \\$aonline resource$2rdacarrier
=490  0\$aPolicy development ;$vJuly 2013/16
=500  \\$aref: 2013/16.
=856  40$uhttp://www.hefce.ac.uk/media/hefce/content/pubs/2013/201316/Consultation%20on%20open%20access%20in%20the%20post-2014%20Research%20Excellence%20Framework.pdf
=852  41$aBritish Library$bHMNTS$jELD Digital store
=CAT  \\$a12664$b40$c20140806$lBLL01$h1147
=CAT  \\$aW1711-1225$c20171203$lBLL01$h1056
=STA  \\$aSUPPRESSED$bunable to determine reason for suppression
=LAS  \\$aW1711-1225$b00$c20171203$lBLL01$h1056

