=LDR  01033 am a22002653i 4500
=001  016817620
=003  Uk
=005  20140806114956.0
=006  m\\\\||\\d\|\\\\\\
=007  cr\|||||||||||
=008  140806s2013\\\\enk\\\\\o\\\\\0|0\0|eng\\
=FMT  \\$a  BK
=245  \0$aHigher education and beyond :$bOutcomes from full-time first degree study.
=264  \1$aBristol :$bHigher Education Funding Council for England,$c2013.
=336  \\$atext$2rdacontent
=337  \\$acomputer$2rdamedia
=338  \\$aonline resource$2rdacarrier
=490  0\$aIssues paper ;$vJuly 2013/15
=500  \\$aref: 2013/15.
=856  40$uhttp://www.hefce.ac.uk/media/hefce/content/pubs/2013/201315/Higher%20education%20and%20beyond%20Outcomes%20from%20full-time%20first%20degree%20study.pdf
=852  41$aBritish Library$bHMNTS$jELD Digital store
=CAT  \\$a12664$b40$c20140806$lBLL01$h1149
=CAT  \\$aW1711-1225$c20171203$lBLL01$h1056
=STA  \\$aSUPPRESSED$bunable to determine reason for suppression
=LAS  \\$aW1711-1225$b00$c20171203$lBLL01$h1056

