=LDR  01154 am a22002773i 4500
=001  016817628
=003  Uk
=005  20140806115854.0
=006  m\\\\||\\d\|\\\\\\
=007  cr\|||||||||||
=008  140806s2013\\\\enk\\\\\o\\\\\0|0\0|eng\\
=FMT  \\$a  BK
=245  \0$aStudent number controls :$bConsultation on arrangements for 2014-15 onwards.
=264  \1$aBristol :$bHigher Education Funding Council for England,$c2013.
=336  \\$atext$2rdacontent
=337  \\$acomputer$2rdamedia
=338  \\$aonline resource$2rdacarrier
=490  0\$aCore funding/operations ;$vJuly 2013/10
=500  \\$aref: 2013/10.
=856  40$uhttp://www.hefce.ac.uk/media/hefce/content/whatwedo/learningandteaching/howwefundlt/studentnumbercontrolsandhighgrades/Student%20number%20controls%20Consultation%20on%20arrangements%20for%202014-15%20onwards.pdf
=852  41$aBritish Library$bHMNTS$jELD Digital store
=CAT  \\$a12664$b40$c20140806$lBLL01$h1156
=CAT  \\$a12664$b40$c20140806$lBLL01$h1158
=CAT  \\$aW1711-1225$c20171203$lBLL01$h1056
=STA  \\$aSUPPRESSED$bunable to determine reason for suppression
=LAS  \\$aW1711-1225$b00$c20171203$lBLL01$h1056

