=LDR  01040 am a22002653i 4500
=001  016817631
=003  Uk
=005  20140806115928.0
=006  m\\\\||\\d\|\\\\\\
=007  cr\|||||||||||
=008  140806s2013\\\\enk\\\\\o\\\\\0|0\0|eng\\
=FMT  \\$a  BK
=245  \0$aReview of TRAC :$bOutcomes of consultation and report to the HEFCE Board from the TRAC Review Group.
=264  \1$aBristol :$bHigher Education Funding Council for England,$c2013.
=336  \\$atext$2rdacontent
=337  \\$acomputer$2rdamedia
=338  \\$aonline resource$2rdacarrier
=490  0\$aPolicy development ;$vApril 2013/09
=500  \\$aref: 2013/09.
=856  40$uhttp://www.hefce.ac.uk/media/hefce/content/pubs/2013/201309/2013-09%20HEFCE%20Review%20of%20TRAC%20Consultation%20Outcomes.pdf
=852  41$aBritish Library$bHMNTS$jELD Digital store
=CAT  \\$a12664$b40$c20140806$lBLL01$h1159
=CAT  \\$aW1711-1225$c20171203$lBLL01$h1056
=STA  \\$aSUPPRESSED$bunable to determine reason for suppression
=LAS  \\$aW1711-1225$b00$c20171203$lBLL01$h1056

