=LDR  00991 am a22002533i 4500
=001  016817678
=003  Uk
=005  20140806123836.0
=006  m\\\\||\\d\|\\\\\\
=007  cr\|||||||||||
=008  140806s2013\\\\enk\\\\\o\\\\\0|0\0|eng\\
=FMT  \\$a  BK
=245  \0$aDredging Application for Bradwell Nuclear Power Station, Essex (2013).
=264  \1$aLowestoft :$bCentre for Environment Fisheries & Aquaculture Science,$c2013.
=336  \\$atext$2rdacontent
=337  \\$acomputer$2rdamedia
=338  \\$aonline resource$2rdacarrier
=490  0\$aCefas Environment Report ;$vRL 23/13
=856  40$uhttp://www.cefas.defra.gov.uk/publications/environment/Radiological-assessment-of-dredging-application-for-Bradwell-2013.pdf
=852  41$aBritish Library$bHMNTS$jELD Digital store
=CAT  \\$a12664$b40$c20140806$lBLL01$h1238
=CAT  \\$aW1711-1225$c20171203$lBLL01$h1056
=STA  \\$aSUPPRESSED$bunable to determine reason for suppression
=LAS  \\$aW1711-1225$b00$c20171203$lBLL01$h1056

