=LDR  00927 am a22002533i 4500
=001  016817685
=003  Uk
=005  20140806125808.0
=006  m\\\\||\\d\|\\\\\\
=007  cr\|||||||||||
=008  140806s2013\\\\enk\\\\\o\\\\\0|0\0|eng\\
=FMT  \\$a  BK
=245  \0$aRadiological Habits Survey: Low Level Waste Repository, 2012.
=264  \1$aLowestoft :$bCentre for Environment Fisheries & Aquaculture Science,$c2013.
=336  \\$atext$2rdacontent
=337  \\$acomputer$2rdamedia
=338  \\$aonline resource$2rdacarrier
=490  0\$aCefas Environment Report ;$vRL 02a/13
=856  40$uhttp://www.cefas.defra.gov.uk/publications/environment/llwr-2012.pdf
=852  41$aBritish Library$bHMNTS$jELD Digital store
=CAT  \\$a12664$b40$c20140806$lBLL01$h1258
=CAT  \\$aW1711-1225$c20171203$lBLL01$h1056
=STA  \\$aSUPPRESSED$bunable to determine reason for suppression
=LAS  \\$aW1711-1225$b00$c20171203$lBLL01$h1056

