=LDR  01021 am a22002533i 4500
=001  016817787
=003  Uk
=005  20140806141741.0
=006  m\\\\||\\d\|\\\\\\
=007  cr\|||||||||||
=008  140806s2013\\\\enk\\\\\o\\\\\0|0\0|eng\\
=FMT  \\$a  BK
=245  \0$aRESTRICTION OF HAZARDOUS SUBSTANCES (RoHS) REGULATIONS 2012 :$bGovernment guidance notes for RoHS 2.
=264  \1$aLondon :$bDepartment for Business, Innovation and Skills.$c2013.
=336  \\$atext$2rdacontent
=337  \\$acomputer$2rdamedia
=338  \\$aonline resource$2rdacarrier
=500  \\$aURN BIS/13/1142.
=856  40$uhttps://www.gov.uk/government/uploads/system/uploads/attachment_data/file/236285/bis-13-1142-restriction-of-hazardous-substances-regulations-guidance-2.pdf
=852  41$aBritish Library$bHMNTS$jELD Digital store
=CAT  \\$a12664$b40$c20140806$lBLL01$h1417
=CAT  \\$aW1711-1225$c20171203$lBLL01$h1056
=STA  \\$aSUPPRESSED$bunable to determine reason for suppression
=LAS  \\$aW1711-1225$b00$c20171203$lBLL01$h1056

