=LDR  01003 am a22002533i 4500
=001  016817793
=003  Uk
=005  20140806142215.0
=006  m\\\\||\\d\|\\\\\\
=007  cr\|||||||||||
=008  140806s2013\\\\enk\\\\\o\\\\\0|0\0|eng\\
=FMT  \\$a  BK
=245  \0$aCONSULTATION ON THE PROPOSAL FOR A DIRECTIVE ON RADIO EQUIPMENT :$bGovernment Response to the Consultation.
=264  \1$aLondon :$bDepartment for Business, Innovation and Skills.$c2013.
=336  \\$atext$2rdacontent
=337  \\$acomputer$2rdamedia
=338  \\$aonline resource$2rdacarrier
=500  \\$aBIS/13/1164.
=856  40$uhttps://www.gov.uk/government/uploads/system/uploads/attachment_data/file/239049/bis-13-1164-directive-on-radio-equipment-response.pdf
=852  41$aBritish Library$bHMNTS$jELD Digital store
=CAT  \\$a12664$b40$c20140806$lBLL01$h1422
=CAT  \\$aW1711-1225$c20171203$lBLL01$h1056
=STA  \\$aSUPPRESSED$bunable to determine reason for suppression
=LAS  \\$aW1711-1225$b00$c20171203$lBLL01$h1056

