=LDR  00905 am a22002533i 4500
=001  016817798
=003  Uk
=005  20140806143154.0
=006  m\\\\||\\d\|\\\\\\
=007  cr\|||||||||||
=008  140806s2013\\\\enk\\\\\o\\\\\0|0\0|eng\\
=FMT  \\$a  BK
=245  \0$aTough Times 2013 :$bMethodology and data definitions.
=264  \1$aLondon :$bAudit Commission,$c2013.
=336  \\$atext$2rdacontent
=337  \\$acomputer$2rdamedia
=338  \\$aonline resource$2rdacarrier
=856  40$uhttp://www.audit-commission.gov.uk/wp-content/uploads/2013/11/Tough-Times-2013-Methodology-FINAL.pdf
=852  41$aBritish Library$bHMNTS$jELD Digital store
=CAT  \\$a12664$b40$c20140806$lBLL01$h1430
=CAT  \\$a12664$b40$c20140806$lBLL01$h1431
=CAT  \\$aW1711-1225$c20171203$lBLL01$h1056
=STA  \\$aSUPPRESSED$bunable to determine reason for suppression
=LAS  \\$aW1711-1225$b00$c20171203$lBLL01$h1056

