=LDR  02260 am a2200505 i 4500
=001  016818323
=003  Uk
=005  20150911160334.0
=006  m\\\\||\\d\|\\\\\\
=007  cr\|||||||||||
=008  141215s2008\\\\enka\\\\ob\\\o000\0\eng\d
=FMT  \\$a  BK
=015  \\$aGBB5C3196$2bnb
=020  \\$z9781847750822 (paperback)
=040  \\$aIiNdDKA$beng$cIiNdDKA$erda
=042  \\$aukblsr
=043  \\$ae-uk-en
=082  04$a305.2350942$223
=100  1\$aMaguire, Sue$q(Susan M.),$eauthor.
=245  10$aActivity and learning agreements pilot :$bprocess evaluation : year one report /$cSue Maguire and Jo Thompson (Centre for Education and Industry, University of Warwick), Jim Hillage, Sara Dewson, Linda Miller, Claire Johnson, Becci Newton, Peter Bates and Rosie Page (Institute for Employment Studies).
=264  \1$a[London] :$bDepartment for Children, Schools and Families,$c[2008]
=300  \\$a1 online resource (xv, 85 pages) :$billustration (black and white).
=336  \\$atext$2rdacontent
=337  \\$acomputer$2rdamedia
=338  \\$aonline resource$2rdacarrier
=490  1\$aResearch report ;$vno DCSF-RW027
=504  \\$aIncludes bibliographical references.
=530  \\$aAlso issued in print format.
=690  7\$aSocial Welfare$2blcoll
=650  \0$aLearning contracts$zEngland$xEvaluation.
=650  \0$aYouth$xStudy and teaching$xActivity programs$zEngland$xEvaluation.
=710  2\$aUniversity of Warwick.$bCentre for Education and Industry,$eissuing body.
=710  2\$aInstitute for Employment Studies,$eissuing body.
=710  1\$aGreat Britain.$bDepartment for Children, Schools and Families,$eissuing body.
=856  40$uhttp://dera.ioe.ac.uk/8612/1/DCSF-RW027.pdf
=830  \0$aResearch report (Great Britain. Department for Children, Schools and Families) ;$vno DCSF-RW027.
=852  41$aBritish Library$bHMNTS$jDigital store
=985  \\$aNETCAT record
=CAT  \\$a6098$b40$c20140807$lBLL01$h1236
=CAT  \\$aBATCH-SURR$b00$c20150911$lBLL01$h1603
=CAT  \\$aW1711-1225$c20171203$lBLL01$h1056
=FIN  \\$aY$d20150911
=SRC  \\$aNETCAT$bnetcatem_20150702.mrc.20150911
=STA  \\$aSUPPRESSED$bunable to determine reason for suppression
=LAS  \\$aW1711-1225$b00$c20171203$lBLL01$h1056

