=LDR  01000 am a22002653i 4500
=001  016820278
=003  Uk
=005  20140811094530.0
=006  m\\\\||\\d\|\\\\\\
=007  cr\|||||||||||
=008  140811s2014\\\\enk\\\\\o\\\\\0|0\0|eng\\
=FMT  \\$a  BK
=245  \0$aGone for Good? :$bSubsidies with Export Share Requirements in China : 2002-2013.
=264  \1$aNottingham :$bUniversity of Nottingham,$c2014.
=336  \\$atext$2rdacontent
=337  \\$acomputer$2rdamedia
=338  \\$aonline resource$2rdacarrier
=490  0\$aGEP Research Paper - Globalisation, Productivity and Technology ;$v2014/07
=856  40$uhttp://www.nottingham.ac.uk/gep/documents/papers/2014/2014-07.pdf
=852  41$aBritish Library$bHMNTS$jELD Digital store
=CAT  \\$a12664$b40$c20140811$lBLL01$h0944
=CAT  \\$a12664$b40$c20140811$lBLL01$h0945
=CAT  \\$aW1711-1225$c20171203$lBLL01$h1056
=STA  \\$aSUPPRESSED$bunable to determine reason for suppression
=LAS  \\$aW1711-1225$b00$c20171203$lBLL01$h1056

