=LDR  00830 am a22002533i 4500
=001  016820300
=003  Uk
=005  20140811103215.0
=006  m\\\\||\\d\|\\\\\\
=007  cr\|||||||||||
=008  140625s2014\\\\enk\\\\\o\\\\\0|0\0|eng\\
=FMT  \\$a  BK
=020  \\$z9781784127053
=245  \4$aThe Scottish Manual Handling Passport.
=264  \1$aEdinburgh :$bScottish Government,$c2014.
=336  \\$atext$2rdacontent
=337  \\$acomputer$2rdamedia
=338  \\$aonline resource$2rdacarrier
=856  40$uhttp://www.scotland.gov.uk/Resource/0045/00457157.pdf
=852  41$aBritish Library$bHMNTS$jELD Digital store
=CAT  \\$a12664$b40$c20140811$lBLL01$h1032
=CAT  \\$aW1711-1225$c20171203$lBLL01$h1056
=STA  \\$aSUPPRESSED$bunable to determine reason for suppression
=LAS  \\$aW1711-1225$b00$c20171203$lBLL01$h1056

