=LDR  00986 am a22002533i 4500
=001  016820392
=003  Uk
=005  20140811114454.0
=006  m\\\\||\\d\|\\\\\\
=007  cr\|||||||||||
=008  140811s2014\\\\enk\\\\\o\\\\\0|0\0|eng\\
=FMT  \\$a  BK
=245  \0$aDevelopment of a generic framework for informing Cumulative Impact Assessments (CIA) related to Marine Protected Areas through evaluation of best practice.
=264  \1$aSheffield :$bNatural England,$c2014.
=336  \\$atext$2rdacontent
=337  \\$acomputer$2rdamedia
=338  \\$aonline resource$2rdacarrier
=490  0\$aNatural England Commissioned Report ;$vNECR147
=856  40$uhttp://publications.naturalengland.org.uk/file/5635417445498880
=852  41$aBritish Library$bHMNTS$jELD Digital store
=CAT  \\$a12664$b40$c20140811$lBLL01$h1144
=CAT  \\$aW1711-1225$c20171203$lBLL01$h1056
=STA  \\$aSUPPRESSED$bunable to determine reason for suppression
=LAS  \\$aW1711-1225$b00$c20171203$lBLL01$h1056

