=LDR  00942 am a22002533i 4500
=001  016820399
=003  Uk
=005  20140811115001.0
=006  m\\\\||\\d\|\\\\\\
=007  cr\|||||||||||
=008  140811s2014\\\\enk\\\\\o\\\\\0|0\0|eng\\
=FMT  \\$a  BK
=245  \0$aIncreasing landscape connectivity :$bevaluating the risks that this will encourage invasive non-native species.
=264  \1$aSheffield :$bNatural England,$c2014.
=336  \\$atext$2rdacontent
=337  \\$acomputer$2rdamedia
=338  \\$aonline resource$2rdacarrier
=490  0\$aNatural England Commissioned Report ;$vNECR146
=856  40$uhttp://publications.naturalengland.org.uk/file/6641087284248576
=852  41$aBritish Library$bHMNTS$jELD Digital store
=CAT  \\$a12664$b40$c20140811$lBLL01$h1150
=CAT  \\$aW1711-1225$c20171203$lBLL01$h1056
=STA  \\$aSUPPRESSED$bunable to determine reason for suppression
=LAS  \\$aW1711-1225$b00$c20171203$lBLL01$h1056

