=LDR  01677 am a2200421 i 4500
=001  016820451
=003  Uk
=005  20141015140153.0
=006  m\\\\||\\d\|\\\\\\
=007  cr\|||||||||||
=008  140811s2012\\\\enka|||\ob\\\o0||\0|eng\\
=FMT  \\$a  BK
=015  \\$aGBB4B5194$2bnb
=020  \\$z9781849877282
=040  \\$aUk$beng$cUk$erda
=042  \\$aukblsr
=082  04$a362.76$223
=245  00$aHate crime, cyber security and the experience of crime among children: Findings from the 2010/11 British Crime Survey :$bSupplementary Volume 3 to Crime in England and Wales 2010/11 /$cKevin Smith (Ed.), Deborah Lader, Jacqueline Hoare and Ivy Lau.
=264  \1$a[London] :$bHome Office,$c[2012]
=300  \\$a1 online resource (84 pages) :$billustrations (colour).
=336  \\$atext$2rdacontent
=337  \\$acomputer$2rdamedia
=338  \\$aonline resource$2rdacarrier
=490  1\$aHome Office Statistical Bulletin
=504  \\$aIncludes bibliographical references.
=650  \0$aHate crimes$zGreat Britain.
=650  \0$aChildren$xCrimes against$zGreat Britain.
=650  \0$aInternet and children$zGreat Britain.
=700  1\$aSmith, Kevin,$eeditor.
=830  \0$aHome Office statistical bulletin.
=856  40$uhttps://www.gov.uk/government/uploads/system/uploads/attachment_data/file/116463/hosb0612.pdf
=852  41$aBritish Library$bHMNTS$jDigital store
=CAT  \\$a10983$b40$c20140811$lBLL01$h1318
=CAT  \\$a11281$b40$c20141015$lBLL01$h1401
=CAT  \\$aW1711-1225$c20171203$lBLL01$h1056
=FIN  \\$aY$d20141015
=STA  \\$aSUPPRESSED$bunable to determine reason for suppression
=LAS  \\$aW1711-1225$b00$c20171203$lBLL01$h1056

