=LDR  00887 am a22002533i 4500
=001  016820578
=003  Uk
=005  20140811154124.0
=006  m\\\\||\\d\|\\\\\\
=007  cr\|||||||||||
=008  140811s2013\\\\enk\\\\\o\\\\\0|0\0|eng\\
=FMT  \\$a  BK
=245  \0$aNorth East Coast Net Grid Trials.
=264  \1$aLowestoft :$bCefas,$cDecember 2013.
=336  \\$atext$2rdacontent
=337  \\$acomputer$2rdamedia
=338  \\$aonline resource$2rdacarrier
=490  0\$aFisheries Science Partnership 2013/14 ;$vFSP (2013-14) (37)
=856  40$uhttp://www.cefas.defra.gov.uk/media/629493/mf054a%20report_final_final.pdf
=852  41$aBritish Library$bHMNTS$jELD Digital store
=CAT  \\$a12664$b40$c20140811$lBLL01$h1541
=CAT  \\$aW1711-1225$c20171203$lBLL01$h1056
=STA  \\$aSUPPRESSED$bunable to determine reason for suppression
=LAS  \\$aW1711-1225$b00$c20171203$lBLL01$h1056

