=LDR  00894 am a22002533i 4500
=001  016820603
=003  Uk
=005  20140811160319.0
=006  m\\\\||\\d\|\\\\\\
=007  cr\|||||||||||
=008  140811s2013\\\\enk\\\\\o\\\\\0|0\0|eng\\
=FMT  \\$a  BK
=245  \0$aDo mention the war :$bwill 1914 matter in 2014?
=264  \1$aLondon:$aBritish Future,$c2013.
=336  \\$atext$2rdacontent
=337  \\$acomputer$2rdamedia
=338  \\$aonline resource$2rdacarrier
=856  40$uhttp://www.britishfuture.org/wp-content/uploads/2013/08/BRF_Declaration-of-war-report_P2_Web-1.pdf
=852  41$aBritish Library$bHMNTS$jELD Digital store
=CAT  \\$a12664$b40$c20140811$lBLL01$h1602
=CAT  \\$a12664$b40$c20140811$lBLL01$h1603
=CAT  \\$aW1711-1225$c20171203$lBLL01$h1056
=STA  \\$aSUPPRESSED$bunable to determine reason for suppression
=LAS  \\$aW1711-1225$b00$c20171203$lBLL01$h1056

