=LDR  00861 am a22002413i 4500
=001  016820606
=003  Uk
=005  20140811161011.0
=006  m\\\\||\\d\|\\\\\\
=007  cr\|||||||||||
=008  140811s2014\\\\enk\\\\\o\\\\\0|0\0|eng\\
=FMT  \\$a  BK
=245  \4$aTHE GENERATION STRAIN :$bCOLLECTIVE SOLUTIONS TO CARE IN AN AGEING SOCIETY.
=264  \1$aLondon :$bCalouste Gulbenkian Foundation,$c2014.
=336  \\$atext$2rdacontent
=337  \\$acomputer$2rdamedia
=338  \\$aonline resource$2rdacarrier
=856  40$uhttp://gulbenkian.org.uk/files/23-05-14-generation-strain_Apr2014.pdf
=852  41$aBritish Library$bHMNTS$jELD Digital store
=CAT  \\$a12664$b40$c20140811$lBLL01$h1610
=CAT  \\$aW1711-1225$c20171203$lBLL01$h1056
=STA  \\$aSUPPRESSED$bunable to determine reason for suppression
=LAS  \\$aW1711-1225$b00$c20171203$lBLL01$h1056

