=LDR  00997 am a22002533i 4500
=001  016820621
=003  Uk
=005  20140811162416.0
=006  m\\\\||\\d\|\\\\\\
=007  cr\|||||||||||
=008  140811s2013\\\\enk\\\\\o\\\\\0|0\0|eng\\
=FMT  \\$a  BK
=245  \0$aDeveloping an indicator-based framework system for monitoring older people's human rights :$bpanel, survey and key findings for Peru, Mozambique and Kyrgyzstan.
=264  \1$aLondon :$bLondon School of Economics - Centre for Analysis of Social Exclusion,$c2013.
=336  \\$atext$2rdacontent
=337  \\$acomputer$2rdamedia
=338  \\$aonline resource$2rdacarrier
=490  0\$aCASE ;$v78
=856  40$uhttp://sticerd.lse.ac.uk/dps/case/cr/casereport78.pdf
=852  41$aBritish Library$bHMNTS$jELD Digital store
=CAT  \\$a12664$b40$c20140811$lBLL01$h1624
=CAT  \\$aW1711-1225$c20171203$lBLL01$h1056
=STA  \\$aSUPPRESSED$bunable to determine reason for suppression
=LAS  \\$aW1711-1225$b00$c20171203$lBLL01$h1056

