=LDR  00931 am a22002533i 4500
=001  016820624
=003  Uk
=005  20140811162627.0
=006  m\\\\||\\d\|\\\\\\
=007  cr\|||||||||||
=008  140811s2013\\\\enk\\\\\o\\\\\0|0\0|eng\\
=FMT  \\$a  BK
=245  \0$aLabour's Record on Neighbourhood Renewal in England: Policy, Spending and Outcomes 1997-2010.
=264  \1$aLondon :$bLondon School of Economics - Centre for Analysis of Social Exclusion,$c2013.
=336  \\$atext$2rdacontent
=337  \\$acomputer$2rdamedia
=338  \\$aonline resource$2rdacarrier
=490  0\$aCASE ;$v177
=856  40$uhttp://sticerd.lse.ac.uk/dps/case/cp/casepaper177.pdf
=852  41$aBritish Library$bHMNTS$jELD Digital store
=CAT  \\$a12664$b40$c20140811$lBLL01$h1626
=CAT  \\$aW1711-1225$c20171203$lBLL01$h1056
=STA  \\$aSUPPRESSED$bunable to determine reason for suppression
=LAS  \\$aW1711-1225$b00$c20171203$lBLL01$h1056

