=LDR  02108 am a2200541 i 4500
=001  016820925
=003  Uk
=005  20150702135016.0
=006  m\\\\||\\d\|\\\\\\
=007  cr\|||||||||||
=008  150501s2008\\\\enka\\\\ob\\\o000\0\eng\d
=FMT  \\$a  BK
=015  \\$aGBB586801$2bnb
=020  \\$z9781847751706 (paperback)
=040  \\$aIiNdDKA$beng$cIiNdDKA$erda
=042  \\$aukblsr
=043  \\$ae-uk-en
=082  04$a362.760942$223
=100  1\$aMahon, James,$eauthor.
=245  10$aTowards the New Children in Need Census /$cJames Mahon (York Consulting).
=264  \1$a[London?] :$bDepartment for Children, Schools and Families,$c[2008]
=300  \\$a1 online resource (62 pages) :$billustrations (colour).
=336  \\$atext$2rdacontent
=337  \\$acomputer$2rdamedia
=338  \\$aonline resource$2rdacarrier
=490  1\$aResearch Report ;$vNo DCSF-RW039
=504  \\$aIncludes bibliographical references.
=530  \\$aAlso issued in print format.
=690  7\$aSocial Welfare$2blcoll
=650  \0$aAbused children$xServices for$zEngland.
=650  \0$aChildren with social disabilities$xServices for$zEngland.
=650  \0$aFamily assessment$zEngland.
=650  \0$aFamily social work$zEngland.
=650  \0$aNeeds assessment$zEngland.
=650  \0$aSocial work with children$zEngland.
=710  1\$aGreat Britain.$bDepartment for Children, Schools and Families,$eissuing body.
=710  2\$aYork Consulting (Firm)
=856  40$uhttps://www.gov.uk/government/uploads/system/uploads/attachment_data/file/222360/DCSF-RW039.pdf
=830  \0$aResearch report (Great Britain. Department for Children, Schools and Families) ;$vno DCSF-RW039.
=852  41$aBritish Library$bHMNTS$jDigital store
=985  \\$aNETCAT record
=CAT  \\$a6098$b40$c20140812$lBLL01$h0921
=CAT  \\$aBATCH-SURR$b00$c20150702$lBLL01$h1349
=CAT  \\$aW1711-1225$c20171203$lBLL01$h1056
=FIN  \\$aY$d20150702
=SRC  \\$aNETCAT$bnetcatem.mrc.20150702
=STA  \\$aSUPPRESSED$bunable to determine reason for suppression
=LAS  \\$aW1711-1225$b00$c20171203$lBLL01$h1056

