=LDR  01539 am a2200421 i 4500
=001  016840216
=003  Uk
=005  20141015110307.0
=006  m\\\\||\\d\|\\\\\\
=007  cr\|||||||||||
=008  140827s2012\\\\enka|||\ob\\\o0||\0|eng\\
=FMT  \\$a  BK
=015  \\$aGBB4B5179$2bnb
=040  \\$aUk$beng$cUk$erda
=042  \\$aukblsr
=082  04$a363.20941$223
=245  00$aFocus on Public Perceptions of Policing, Findings from the 2011/12 Crime Survey for England and Wales.
=264  \1$a[London] :$bOffice for National Statistics,$c[2012]
=300  \\$a1 online resource (35 pages) :$billustrations (colour)
=336  \\$atext$2rdacontent
=337  \\$acomputer$2rdamedia
=338  \\$aonline resource$2rdacarrier
=500  \\$a"Statistical Bulletin."
=504  \\$aIncludes bibliographical references.
=650  \0$aPolice$zGreat Britain$xPublic opinion.
=650  \0$aPolice$zGreat Britain$vStatistics.
=710  1\$aGreat Britain.$bOffice for National Statistics,$eissuing body.
=856  40$uhttp://www.ons.gov.uk/ons/dcp171778_289210.pdf
=852  41$aBritish Library$bHMNTS$jELD Digital store
=985  \\$aTreat as mono
=CAT  \\$a10983$b40$c20140827$lBLL01$h0845
=CAT  \\$a10983$b40$c20140827$lBLL01$h0847
=CAT  \\$a11281$b40$c20141015$lBLL01$h1102
=CAT  \\$a11281$b40$c20141015$lBLL01$h1103
=CAT  \\$aW1711-1225$c20171203$lBLL01$h1056
=FIN  \\$aY$d20141015
=STA  \\$aSUPPRESSED$bunable to determine reason for suppression
=LAS  \\$aW1711-1225$b00$c20171203$lBLL01$h1056

