=LDR  01924 as a2200457 i 4500
=001  017411755
=003  Uk
=005  20150625091522.0
=006  m\\\\\|\\d\|\\\\\\
=007  cr\|||||||||||
=008  150625c20139999ie\ar|\\o\s\\o0\\\a0eng\\
=FMT  \\$a  SE
=022  0\$y1649-0436
=040  \\$aUk$beng$cUk$erda
=042  \\$aukblsr
=082  04$a614.42417021$223
=110  2\$aHealth Protection Surveillance Centre (Ireland),$eauthor.
=245  10$aAnnual epidemiological report /$cHSE, Feidhmeannacht na Seirbhíse Sláinte = Health Service Executive, HPSC.
=246  17$aHPSC annual epidemiological report
=264  \1$aDublin :$bHealth Protection Surveillance Centre,$c2013-
=300  \\$billustrations (black and white, and colour), maps (colour)
=310  \\$aAnnual
=336  \\$atext$2rdacontent
=337  \\$acomputer$2rdamedia
=338  \\$aonline resource$2rdacarrier
=362  0\$a2013-
=500  \\$aTitle from PDF cover (publisher's Web site, viewed June 25, 2015).
=610  20$aHealth Protection Surveillance Centre (Ireland)$vPeriodicals.
=650  \0$aCommunicable diseases$zIreland$vStatistics$vPeriodicals.
=650  \0$aEpidemiology$zIreland$vPeriodicals.
=651  \0$aIreland$vStatistics, Medical$vPeriodicals.
=780  00$aNational Disease Surveillance Centre (Ireland).$sAnnual report (Online)
=856  40$uhttp://www.hpsc.ie/AboutHPSC/AnnualReports/
=852  41$aBritish Library$bHMNTS$jDigital store$32013-2016
=CAT  \\$a11316$b40$c20150625$lBLL01$h0851
=CAT  \\$a11316$b40$c20150625$lBLL01$h0915
=FIN  \\$aY$d20150625
=LET  \0$aAnnual epidemiological report (Electronic)
=LKR  \\$aPAR$b015506724$lBLL01$nAnnual report (National Disease Surveillance Centre (Ireland))$mAnnual epidemiological report (National Disease Surveillance Centre (Ireland))$r78000
=STA  \\$aSUPPRESSED$bIngested as issues
=LAS  \\$a11316$b40$c20150625$lBLL01$h0915

