=LDR  01856 as a2200457 i 4500
=001  017443863
=003  Uk
=005  20150714154651.0
=006  m\\\\\|\\d\|\\\\\\
=007  cr\|||||||||||
=008  150714d20112011enkmr|p\os\\\o0\\\a0eng\\
=FMT  \\$a  SE
=040  \\$aUk$beng$cUk$erda
=042  \\$aukblsr
=082  04$a331.120941021$223
=245  00$aRegional labour market.
=264  \1$a[Newport] :$bOffice for National Statistics,$c2011.
=300  \\$a5 volumes :$billustrations (colour).
=310  \\$aMonthly
=336  \\$atext$2rdacontent
=337  \\$acomputer$2rdamedia
=338  \\$aonline resource$2rdacarrier
=362  0\$aAugust 2011-December 2011.
=490  1\$aStatistical bulletin / Office for National Statistics
=500  \\$aTitle from PDF caption (publisher's Web site, viewed July 14, 2015).
=588  \\$aLatest issue consulted: December 2011 (viewed July 14, 2015).
=650  \0$aLabor market$zGreat Britain$vStatistics$vPeriodicals.
=710  1\$aGreat Britain.$bOffice for National Statistics.
=710  2\$aUK Statistics Authority.
=785  00$tRegional labour market statistics (Statistical bulletin)
=830  \0$aStatistical bulletin (Great Britain. Office for National Statistics)
=856  40$uhttp://www.ons.gov.uk/ons/rel/subnational-labour/regional-labour-market-statistics
=852  41$aBritish Library$bHMNTS$jELD Digital store$3(2011:Aug.)-(2011:Dec.)
=CAT  \\$a11316$b40$c20150714$lBLL01$h1532
=CAT  \\$a11316$b40$c20150714$lBLL01$h1546
=CAT  \\$a5194$b40$c20161013$lBLL01$h1134
=CAT  \\$aBATCH-UPD$b40$c20161013$lBLL01$h1136
=FIN  \\$aY$d20150714
=LKR  \\$aPAR$b017443853$lBLL01$nRegional labour market statistics (Statistical bulletin)$mRegional labour market$r78500
=STA  \\$aSUPPRESSED$bIngested as issues
=LAS  \\$aBATCH-UPD$b40$c20161013$lBLL01$h1136

