=LDR  01729 as a2200457 i 4500
=001  017564777
=003  Uk
=005  20161213125606.0
=006  m\\\\\|\\d\|\\\\\\
=007  cr\|||||||||||
=008  151002d2010201uenkqr|p\o\\\\\0\\\a0eng\\
=FMT  \\$a  SE
=040  \\$aUk$beng$cUk$erda
=042  \\$aukblsr
=082  04$a361.706094259$223
=130  0\$aImpact (Aylesbury, England)
=245  10$aImpact :$bthe quarterly newsletter for Buckinghamshire communities.
=246  1\$iSubtitle from issue 02- :$aNewsletter for Buckinghamshire communities
=264  \1$aAylesbury :$bCommunity Impact Bucks,$c2010-[2011?].
=300  \\$billustrations (colour)
=310  \\$aQuarterly
=336  \\$atext$2rdacontent
=337  \\$acomputer$2rdamedia
=338  \\$aonline resource$2rdacarrier
=362  0\$aIssue 01 (autumn 2010)-
=588  \\$aLatest issue consulted: issue 04 (winter 2011/2012).
=610  20$aCommunity Impact Bucks (Organization)$vPeriodicals.
=650  \0$aVoluntarism$zEngland$zBuckinghamshire$vPeriodicals.
=690  7\$aSocial Welfare$2blcoll
=710  2\$aCommunity Impact Bucks (Organization)
=776  08$iAlso issued in print as:$tImpact (Aylesbury, England)$x2046-312X
=780  00$aBuckinghamshire Community Action$tIn focus
=856  4\$uhttp://www.communityimpactbucks.org.uk/
=852  41$aBritish Library$bHMNTS$jDigital store$3Issue 1 (2010)- issue 4 (2011/2012)
=CAT  \\$a11316$b40$c20151002$lBLL01$h1449
=CAT  \\$a11316$b40$c20151005$lBLL01$h1000
=CAT  \\$a8874$b40$c20161213$lBLL01$h1256
=FIN  \\$aY$d20151005
=LKR  \\$aPAR$b015747249$lBLL01$nImpact (Print)$mImpact (Online)$r776
=STA  \\$aSUPPRESSED$bVDEP
=LAS  \\$a8874$b40$c20161213$lBLL01$h1256

