=LDR  02269cas a2200541 i 4500
=001  017581088
=003  Uk
=005  20151014144537.0
=006  m\\\\\|\\d\|\\\\\\
=007  cr\|||||||||||
=008  151014c19879999ie\mr|\\os\\\o0\\\a0eng\\
=FMT  \\$a  SE
=022  0\$a2009-5104
=040  \\$aUk$beng$cUk$erda
=042  \\$aukblsr
=082  04$a382.094170021$223
=130  0\$aTrade statistics (Dublin, Ireland)
=222  \0$aTrade statistics$b(Dublin. Online)
=245  10$aTrade statistics.
=246  13$aTrade statistics of Ireland
=246  13$aTrade statistics publication
=264  \1$aDublin :$bCentral Statistics Office,$c[1987]-
=310  \\$aMonthly
=336  \\$atext$2rdacontent
=337  \\$acomputer$2rdamedia
=338  \\$aonline resource$2rdacarrier
=362  1\$aPrint began with January 1987 issue.
=500  \\$a"Compiled from data supplied by the Office of the Revenue Commissioners".
=588  \\$aDescription based on: January 2011 issue, published May 2011; title from PDF cover (publisher's Web site, viewed October 14, 2015).
=588  \\$aLatest issue consulted: July 2015, published October 2015 (viewed October 14, 2015).
=650  \0$aExports$zIreland$vStatistics$vPeriodicals.
=650  \0$aImports$zIreland$vStatistics$vPeriodicals.
=650  \0$aCommercial products$zIreland$vStatistics$vPeriodicals.
=651  \0$aIreland$xCommerce$vStatistics$vPeriodicals.
=710  1\$aIreland.$bCentral Statistics Office,$eissuing body.
=710  1\$aIreland.$bOffice of the Revenue Commissioners.
=776  08$iPrint version, -2011:$aIreland.Central Statistics Office.$tTrade statistics$x0790-9381
=780  00$tTrade statistics of Ireland (1949)
=856  40$uhttp://www.cso.ie/en/statistics/externaltrade/archive/
=852  41$aBritish Library$bHMNTS$jDigital store$3(2015:Jun.)-
=CAT  \\$a11316$b40$c20151014$lBLL01$h1445
=CAT  \\$aBATCH-UPD$b40$c20170113$lBLL01$h1144
=CAT  \\$aBATCH-UPD$b40$c20170127$lBLL01$h1631
=FIN  \\$aY$d20151014
=LET  \0$aTrade statistics (Dublin. Electronic)
=LKR  \\$aPAR$b011139875$lBLL01$nTrade statistics (Dublin. 1987. Print)$mTrade statistics (Dublin. Online)$r776
=STA  \\$aSUPPRESSED$bVDEP
=LAS  \\$aBATCH-UPD$b40$c20170127$lBLL01$h1631

