=LDR  01417 am a22003977a 4500
=001  013779903
=003  Uk
=005  20070704151629.0
=006  m\\\\|\\\d\|\\\\\\
=007  cr||||||||||||
=008  070627s2007\\\\enk\\\\\s\\\\o00|\0\eng\\
=040  \\$aUk$beng$cUk
=245  00$aMicrogeneration and the renewables obligation$h[electronic resource].
=260  \\$a[London :$bDTI,$c2007]
=336  \\$atext$2rdacontent
=337  \\$acomputer$2rdamedia
=338  \\$aonline resource$2rdacarrier
=500  \\$aTitle from PDF title page (viewed on 4 July, 2007).
=500  \\$aPublisher's no.: URN 07/1104.
=516  \\$aPDF format.
=538  \\$aMode of access: World Wide Web.
=538  \\$aSystem requirements: Adobe Acrobat Reader.
=710  1\$aGreat Britain.$bDepartment of Trade and Industry.
=852  41$aBritish Library$bHMNTS$jDigital store
=856  40$uhttp://www.dti.gov.uk/files/file39882.pdf
=985  \\$aRecord amended for WR# 13/070
=CAT  \\$a10902$b40$c20070627$lBLL01$h1348
=CAT  \\$a10902$b40$c20070627$lBLL01$h1349
=CAT  \\$a11281$b40$c20070704$lBLL01$h1516
=CAT  \\$aBATCH-UPD$b40$c20070723$lBLL01$h1652
=CAT  \\$aWR13_070$b00$c20130504$lBLL01$h0253
=CAT  \\$aW1711-1225$c20171203$lBLL01$h1026
=FIN  \\$aY$d20070704
=FMT  \\$a  BK
=LAS  \\$aW1711-1225$b00$c20171203$lBLL01$h1026
=STA  \\$aSUPPRESSED$bunable to determine reason for suppression

