=LDR  02289 am a2200577 a 4500
=001  015393238
=003  Uk
=005  20091027151645.0
=006  m||||||||d||||||||
=007  cr||||||||||||
=008  090130s2005\\\\enk\\\\\s\\\\o000|0\eng|\
=020  \\$a9780717629879
=020  \\$z0717629872 (Print)
=040  \\$aStDuBDS$beng$cStDuBDS
=042  \\$aukblsr
=050  \4$aTC1665
=082  04$a627.98$222
=100  1\$aForbes, Vanessa.
=245  10$aGeneric review of Offshore Division research in structural integrity 2000$h[electronic resource] /$cVanessa Forbes.
=260  \\$aSudbury :$bHSE,$c2005.
=300  \\$a39 p. :$bdigital, PDF file.
=336  \\$atext$2rdacontent
=337  \\$acomputer$2rdamedia
=338  \\$aonline resource$2rdacarrier
=490  1\$aResearch report ;$v331
=500  \\$aTitle from PDF title page (viewed on 30 January 2009).
=500  \\$aPrepared by Forbes Engineering Ltd. for the Health and Safety Executive.
=530  \\$aAlso issued in print format.
=538  \\$aMode of access: World Wide Web.
=538  \\$aSystem requirements: Adobe Acrobat Reader.
=650  \0$aOffshore structures$xDesign and construction.
=650  \0$aStructural engineering.
=710  1\$aGreat Britain.$bHealth and Safety Executive.
=710  2\$aForbes Engineering Limited.
=830  \0$aResearch report (Great Britain. Health and Safety Executive) ;$v331.
=852  41$aBritish Library$bHMNTS$jDigital store
=856  40$uhttp://www.hse.gov.uk/research/rrpdf/rr331.pdf
=985  \\$aCOBSI record
=CAT  \\$aBATCH-SURR$b00$c20091015$lBLL01$h1133
=CAT  \\$aBATCH$b00$c20091015$lBLL01$h1135
=CAT  \\$aBATCH-UPD$b00$c20091015$lBLL01$h1322
=CAT  \\$a7332$b40$c20091027$lBLL01$h1305
=CAT  \\$a7332$b40$c20091027$lBLL01$h1457
=CAT  \\$a7332$b40$c20091027$lBLL01$h1516
=CAT  \\$aW1711-1225$c20171203$lBLL01$h1035
=FIN  \\$aY$d20091015
=FMT  \\$a  BK
=LAS  \\$aW1711-1225$b00$c20171203$lBLL01$h1035
=LKR  \\$aPAR$b013177261$lBLL01$mGeneric review of Offshore Division research in structural integrity 2000 (PDF)$nGeneric review of Offshore Division research in structural integrity 2000 (Print)
=SRC  \\$aCOBSI$b1bcobsi.lex
=STA  \\$aSUPPRESSED$bunable to determine reason for suppression

