=LDR  02073 am a2200565 a 4500
=001  015393239
=003  Uk
=005  20091027132607.0
=006  m||||||||d||||||||
=007  cr||||||||||||
=008  090130s2005\\\\enk\\\\\sb\\\o000|0\eng|\
=020  \\$a9780717629831
=020  \\$a071762983X
=040  \\$aStDuBDS$beng$cStDuBDS
=042  \\$aukblsr
=050  \4$aT55
=082  04$a363.116$222
=100  1\$aWright, Michael,$d1963-
=245  12$aA response to the CCA report "Making companies safe - what works?"$h[electronic resource] /$cMichael Wright and Sara Marsden.
=260  \\$aSudbury :$bHSE,$c2005.
=300  \\$a47 p. :$bdigital, PDF file.
=336  \\$atext$2rdacontent
=337  \\$acomputer$2rdamedia
=338  \\$aonline resource$2rdacarrier
=490  1\$aResearch report ;$v332
=500  \\$aTitle from PDF title page (viewed on 30 January 2009).
=500  \\$aPrepared by Greenstreet Berman Ltd. for the Health and Safety Executive.
=504  \\$aIncludes bibliographical references.
=530  \\$aAlso issued in print format.
=538  \\$aMode of access: World Wide Web.
=538  \\$aSystem requirements: Adobe Acrobat Reader.
=650  \0$aIndustrial safety$xEvaluation.
=650  \0$aIndustrial hygiene$xEvaluation.
=700  1\$aMarsden, Sara.
=710  1\$aGreat Britain.$bHealth and Safety Executive.
=710  2\$aGreenstreet Berman (Firm)
=830  \0$aResearch report (Great Britain. Health and Safety Executive) ;$v332.
=852  41$aBritish Library$bHMNTS$jDigital store
=856  40$uhttp://www.hse.gov.uk/research/rrpdf/rr332.pdf
=985  \\$aCOBSI record
=CAT  \\$aBATCH-SURR$b00$c20091015$lBLL01$h1133
=CAT  \\$aBATCH$b00$c20091015$lBLL01$h1135
=CAT  \\$aBATCH-UPD$b00$c20091015$lBLL01$h1322
=CAT  \\$a7332$b40$c20091027$lBLL01$h1326
=CAT  \\$aW1711-1225$c20171203$lBLL01$h1035
=FIN  \\$aY$d20091015
=FMT  \\$a  BK
=LAS  \\$aW1711-1225$b00$c20171203$lBLL01$h1035
=SRC  \\$aCOBSI$b1bcobsi.lex
=STA  \\$aSUPPRESSED$bunable to determine reason for suppression

