=LDR  02622 am a2200601 a 4500
=001  015393240
=003  Uk
=005  20091027151712.0
=006  m||||||||d||||||||
=007  cr||||||||||||
=008  090201s2005\\\\enk\\\\\sb\\\o000|0\eng|\
=020  \\$a9780717629886
=020  \\$z0717629880 (Print)
=040  \\$aStDuBDS$beng$cStDuBDS
=042  \\$aukblsr
=050  \4$aT55.3.H3
=082  04$a363.176$222
=100  1\$aAtherton, William,$d1963-
=245  13$aAn experimental investigation of bund wall overtopping and dynamic pressures on the bund wall following catastrophic failure of a storage vessel$h[electronic resource] /$cWilliam Atherton.
=260  \\$aSudbury :$bHSE,$c2005.
=300  \\$a51 p. :$bdigital, PDF file.
=336  \\$atext$2rdacontent
=337  \\$acomputer$2rdamedia
=338  \\$aonline resource$2rdacarrier
=490  1\$aResearch report ;$v333
=500  \\$aTitle from PDF title page (viewed on 1 February 2009).
=500  \\$aPrepared by Liverpool John Moores University for the Health and Safety Executive.
=504  \\$aIncludes bibliographical references.
=530  \\$aAlso issued in print format.
=538  \\$aMode of access: World Wide Web.
=538  \\$aSystem requirements: Adobe Acrobat Reader.
=650  \0$aStorage tanks.
=650  \0$aHazardous substances$xStorage$xSafety measures.
=650  \0$aChemical spills$xPrevention.
=710  1\$aGreat Britain.$bHealth and Safety Executive.
=710  2\$aLiverpool John Moores University.
=830  \0$aResearch report (Great Britain. Health and Safety Executive) ;$v333.
=852  41$aBritish Library$bHMNTS$jDigital store
=856  40$uhttp://www.hse.gov.uk/research/rrpdf/rr333.pdf
=985  \\$aCOBSI record
=CAT  \\$aBATCH-SURR$b00$c20091015$lBLL01$h1133
=CAT  \\$aBATCH$b00$c20091015$lBLL01$h1135
=CAT  \\$aBATCH-UPD$b00$c20091015$lBLL01$h1322
=CAT  \\$a7332$b40$c20091027$lBLL01$h1425
=CAT  \\$a7332$b40$c20091027$lBLL01$h1453
=CAT  \\$a7332$b40$c20091027$lBLL01$h1517
=CAT  \\$aW1711-1225$c20171203$lBLL01$h1035
=FIN  \\$aY$d20091015
=FMT  \\$a  BK
=LAS  \\$aW1711-1225$b00$c20171203$lBLL01$h1035
=LKR  \\$aPAR$b013168622$lBLL01$mAn experimental investigation of bund wall overtopping and dynamic pressures on the bund wall following catastrophic failure of a storage vessel (PDF)$nAn experimental investigation of bund wall overtopping and dynamic pressures on the bund wall following catastrophic failure of a storage vessel (Print)
=SRC  \\$aCOBSI$b1bcobsi.lex
=STA  \\$aSUPPRESSED$bunable to determine reason for suppression

