=LDR  02481 am a2200601 a 4500
=001  015393242
=003  Uk
=005  20091027151621.0
=006  m||||||||d||||||||
=007  cr||||||||||||
=008  090201s2005\\\\enk\\\\\s\\\\o000|0\eng|\
=020  \\$a9780717629909
=020  \\$z0717629902 (Print)
=040  \\$aStDuBDS$beng$cStDuBDS
=042  \\$aukblsr
=050  \4$aKD3168
=082  04$a344.410465$222
=245  03$aAn evidence based evaluation of how best to secure compliance with health and safety law$h[electronic resource] :$bsummary report /$cMichael Wright ... [et al.].
=260  \\$aSudbury :$bHSE,$c2005.
=300  \\$a35 p. :$bdigital, PDF file.
=336  \\$atext$2rdacontent
=337  \\$acomputer$2rdamedia
=338  \\$aonline resource$2rdacarrier
=490  1\$aResearch report ;$v334a
=500  \\$aTitle from PDF title page (viewed on 1 February 2009).
=500  \\$aPrepared by Greenstreet Berman Ltd for the Health and Safety Executive.
=530  \\$aAlso issued in print format.
=538  \\$aMode of access: World Wide Web.
=538  \\$aSystem requirements: Adobe Acrobat Reader.
=650  \0$aSafety regulations$zGreat Britain.
=650  \0$aCompliance.
=700  1\$aWright, Michael,$d1963-
=710  1\$aGreat Britain.$bHealth and Safety Executive.
=710  2\$aGreenstreet Berman (Firm)
=830  \0$aResearch report (Great Britain. Health and Safety Executive) ;$v334a.
=852  41$aBritish Library$bHMNTS$jDigital store
=856  40$uhttp://www.hse.gov.uk/research/rrpdf/rr334a.pdf
=985  \\$aCOBSI record
=CAT  \\$aBATCH-SURR$b00$c20091015$lBLL01$h1133
=CAT  \\$aBATCH$b00$c20091015$lBLL01$h1135
=CAT  \\$aBATCH-UPD$b00$c20091015$lBLL01$h1322
=CAT  \\$a7332$b40$c20091027$lBLL01$h1333
=CAT  \\$a7332$b40$c20091027$lBLL01$h1341
=CAT  \\$a7332$b40$c20091027$lBLL01$h1510
=CAT  \\$a7332$b40$c20091027$lBLL01$h1511
=CAT  \\$a7332$b40$c20091027$lBLL01$h1516
=CAT  \\$aW1711-1225$c20171203$lBLL01$h1035
=FIN  \\$aY$d20091015
=FMT  \\$a  BK
=LAS  \\$aW1711-1225$b00$c20171203$lBLL01$h1035
=LKR  \\$aPAR$b013168611$lBLL01$mAn evidence based evaluation of how best to secure compliance with health and safety law summary report (PDF)$nAn evidence based evaluation of how best to secure compliance with health and safety law : summary report (Print)
=SRC  \\$aCOBSI$b1bcobsi.lex
=STA  \\$aSUPPRESSED$bunable to determine reason for suppression

