=LDR  02722 am a2200601 a 4500
=001  015393243
=003  Uk
=005  20091028111823.0
=006  m||||||||d||||||||
=007  cr||||||||||||
=008  090201s2005\\\\enk\\\\\sb\\\o000|0\eng|\
=020  \\$a9780717629916
=020  \\$z0717629910 (Print)
=040  \\$aStDuBDS$beng$cStDuBDS
=042  \\$aukblsr
=050  \4$aT55
=082  04$a658.382$222
=100  1\$aWalker, Deborah,$d1952-
=245  10$aFurther development of a corporate health and safety performance management index for use by business, investors, employees, the regulator and other stakeholders$h[electronic resource] :$bvalidating the index /$cDeborah Walker and Alistair Cheyne.
=260  \\$aSudbury :$bHSE,$c2005.
=300  \\$a78 p. :$bdigital, PDF file.
=336  \\$atext$2rdacontent
=337  \\$acomputer$2rdamedia
=338  \\$aonline resource$2rdacarrier
=490  1\$aResearch report ;$v335
=500  \\$aTitle from PDF title page (viewed on 1 February 2009).
=500  \\$aPrepared by Loughborough University for the Health and Safety Executive.
=504  \\$aIncludes bibliographical references.
=530  \\$aAlso issued in print format.
=538  \\$aMode of access: World Wide Web.
=538  \\$aSystem requirements: Adobe Acrobat Reader.
=650  \0$aIndustrial safety$xEvaluation.
=650  \0$aIndustrial hygiene$xEvaluation.
=650  \0$aIndustrial safety$xManagement.
=700  1\$aCheyne, Alistair.
=710  1\$aGreat Britain.$bHealth and Safety Executive.
=710  2\$aLoughborough University.
=830  \0$aResearch report (Great Britain. Health and Safety Executive) ;$v335.
=852  41$aBritish Library$bHMNTS$jDigital store
=856  40$uhttp://www.hse.gov.uk/research/rrpdf/rr335.pdf
=985  \\$aCOBSI record
=CAT  \\$aBATCH-SURR$b00$c20091015$lBLL01$h1133
=CAT  \\$aBATCH$b00$c20091015$lBLL01$h1135
=CAT  \\$aBATCH-UPD$b00$c20091015$lBLL01$h1322
=CAT  \\$a7332$b40$c20091027$lBLL01$h1519
=CAT  \\$a7332$b40$c20091028$lBLL01$h1118
=CAT  \\$aW1711-1225$c20171203$lBLL01$h1035
=FIN  \\$aY$d20091015
=FMT  \\$a  BK
=LAS  \\$aW1711-1225$b00$c20171203$lBLL01$h1035
=LKR  \\$aPAR$b013197061$lBLL01$mFurther development of a corporate health and safety performance management index for use by business, investors, employees, the regulator and other stakeholders validating the index (PDF)$nFurther development of a corporate health and safety performance management index for use by business, investors, employees, the regulator and other stakeholders : validating the index (Print)
=SRC  \\$aCOBSI$b1bcobsi.lex
=STA  \\$aSUPPRESSED$bunable to determine reason for suppression

