=LDR  02113 am a2200565 a 4500
=001  015393245
=003  Uk
=005  20171203130400.0
=006  m||||||||d||||||||
=007  cr||||||||||||
=008  090201s2005\\\\enk\\\\\sb\\\o000|0\eng|\
=020  \\$a9780717629954
=020  \\$a0717629953
=040  \\$aStDuBDS$beng$cStDuBDS
=042  \\$aukblsr
=050  \4$aT55.3.L5
=082  04$a363.11$222
=245  04$aThe effects of thermal environments on the risks associated with manual handling$h[electronic resource] /$cS. Powell ... [et al.].
=260  \\$aSudbury :$bHSE,$c2005.
=300  \\$a118 p. :$bdigital, PDF file.
=336  \\$atext$2rdacontent
=337  \\$acomputer$2rdamedia
=338  \\$aonline resource$2rdacarrier
=490  1\$aResearch report ;$v337
=500  \\$aTitle from PDF title page (viewed on 1 February 2009).
=500  \\$aPrepared by The Health and Safety Laboratory for the Health and Safety Executive.
=504  \\$aIncludes bibliographical references.
=530  \\$aAlso issued in print format.
=538  \\$aMode of access: World Wide Web.
=538  \\$aSystem requirements: Adobe Acrobat Reader.
=650  \0$aLifting and carrying.
=650  \0$aHeat$xPhysiological effect.
=650  \0$aCold$xPhysiological effect.
=700  1\$aPowell, S.$q(Sandra).
=710  1\$aGreat Britain.$bHealth and Safety Executive.
=710  2\$aHealth and Safety Laboratory (Great Britain)
=830  \0$aResearch report (Great Britain. Health and Safety Executive) ;$v337.
=852  41$aBritish Library$bHMNTS$jDigital store
=856  40$uhttp://www.hse.gov.uk/research/rrpdf/rr337.pdf
=985  \\$aCOBSI record
=CAT  \\$aBATCH-SURR$b00$c20091015$lBLL01$h1133
=CAT  \\$aBATCH$b00$c20091015$lBLL01$h1135
=CAT  \\$aBATCH-UPD$b00$c20091015$lBLL01$h1322
=CAT  \\$aW1711-1225$c20171203$lBLL01$h1035
=CAT  \\$aBATCH-UPD$b00$c20171203$lBLL01$h1304
=FIN  \\$aY$d20091015
=FMT  \\$a  BK
=LAS  \\$aBATCH-UPD$b00$c20171203$lBLL01$h1304
=SRC  \\$aCOBSI$b1bcobsi.lex
=STA  \\$aSUPPRESSED$bunable to determine reason for suppression

