=LDR  02197 am a2200565 a 4500
=001  015393246
=003  Uk
=005  20091028114035.0
=006  m||||||||d||||||||
=007  cr||||||||||||
=008  090202s2005\\\\enk\\\\\sb\\\o000|0\eng|\
=020  \\$a9780717629961
=020  \\$z0717629961 (Print)
=040  \\$aStDuBDS$beng$cStDuBDS
=042  \\$aukblsr
=050  \4$aTK4660
=082  04$a671.521$222
=100  1\$aMelton, G. B.
=245  10$aMeasurement and analysis of magnetic fields from welding processes$h[electronic resource] /$cG.B. Melton.
=260  \\$aSudbury :$bHSE,$c2005.
=300  \\$a51 p. :$bdigital, PDF file.
=336  \\$atext$2rdacontent
=337  \\$acomputer$2rdamedia
=338  \\$aonline resource$2rdacarrier
=490  1\$aResearch report ;$v338
=500  \\$aTitle from PDF title page (viewed on 2 February 2009).
=500  \\$aPrepared by TWI Ltd for the Health and Safety Executive.
=504  \\$aIncludes bibliographical references.
=530  \\$aAlso issued in print format.
=538  \\$aMode of access: World Wide Web.
=538  \\$aSystem requirements: Adobe Acrobat Reader.
=650  \0$aElectric welding$xRisk assessment.
=650  \0$aElectromagnetic fields$xMeasurement.
=710  1\$aGreat Britain.$bHealth and Safety Executive.
=710  2\$aWelding Institute.
=830  \0$aResearch report (Great Britain. Health and Safety Executive) ;$v338.
=852  41$aBritish Library$bHMNTS$jDigital store
=856  40$uhttp://www.hse.gov.uk/research/rrpdf/rr338.pdf
=985  \\$aCOBSI record
=CAT  \\$aBATCH-SURR$b00$c20091015$lBLL01$h1133
=CAT  \\$aBATCH$b00$c20091015$lBLL01$h1135
=CAT  \\$aBATCH-UPD$b00$c20091015$lBLL01$h1322
=CAT  \\$a7332$b40$c20091028$lBLL01$h1140
=CAT  \\$aW1711-1225$c20171203$lBLL01$h1035
=FIN  \\$aY$d20091015
=FMT  \\$a  BK
=LAS  \\$aW1711-1225$b00$c20171203$lBLL01$h1035
=LKR  \\$aPAR$b013247694$lBLL01$mMeasurement and analysis of magnetic fields from welding processes (PDF)$nMeasurement and analysis of magnetic fields from welding processes (Print)
=SRC  \\$aCOBSI$b1bcobsi.lex
=STA  \\$aSUPPRESSED$bunable to determine reason for suppression

