=LDR  02475 am a2200613 a 4500
=001  015393247
=003  Uk
=005  20091030134604.0
=006  m||||||||d||||||||
=007  cr||||||||||||
=008  090202s2005\\\\enk\\\\\sb\\\o000|0\eng|\
=020  \\$a9780717629978
=020  \\$z071762997X (Print)
=040  \\$aStDuBDS$beng$cStDuBDS
=042  \\$aukblsr
=050  \4$aHD7261
=082  04$a658.382$222
=100  1\$aSowden, Philip.
=245  10$aPromoting health and safety as a key goal of the corporate social responsibility agenda$h[electronic resource] /$cPhilip Sowden.
=260  \\$aSudbury :$bHSE,$c2005.
=300  \\$a52 p. :$bdigital, PDF file.
=336  \\$atext$2rdacontent
=337  \\$acomputer$2rdamedia
=338  \\$aonline resource$2rdacarrier
=490  1\$aResearch report ;$v339
=500  \\$aTitle from PDF title page (viewed on 2 February 2009).
=500  \\$aPrepared by Technopolis Ltd and Emerging Markets Economics Ltd for the Health and Safety Executive.
=504  \\$aIncludes bibliographical references.
=530  \\$aAlso issued in print format.
=538  \\$aMode of access: World Wide Web.
=538  \\$aSystem requirements: Adobe Acrobat Reader.
=650  \0$aSocial responsibility of business.
=650  \0$aIndustrial hygiene.
=650  \0$aIndustrial safety.
=710  1\$aGreat Britain.$bHealth and Safety Executive.
=710  2\$aTechnopolis Limited.
=710  2\$aEmerging Markets Economics Limited.
=830  \0$aResearch report (Great Britain. Health and Safety Executive) ;$v339.
=852  41$aBritish Library$bHMNTS$jDigital store
=856  40$uhttp://www.hse.gov.uk/research/rrpdf/rr339.pdf
=985  \\$aCOBSI record
=CAT  \\$aBATCH-SURR$b00$c20091015$lBLL01$h1133
=CAT  \\$aBATCH$b00$c20091015$lBLL01$h1135
=CAT  \\$aBATCH-UPD$b00$c20091015$lBLL01$h1322
=CAT  \\$a7332$b40$c20091030$lBLL01$h1344
=CAT  \\$a7332$b40$c20091030$lBLL01$h1345
=CAT  \\$a7332$b40$c20091030$lBLL01$h1346
=CAT  \\$aW1711-1225$c20171203$lBLL01$h1035
=FIN  \\$aY$d20091015
=FMT  \\$a  BK
=LAS  \\$aW1711-1225$b00$c20171203$lBLL01$h1035
=LKR  \\$aPAR$b013217575$lBLL01$mPromoting health and safety as a key goal of the corporate social responsibility agenda (PDF)$nPromoting health and safety as a key goal of the Corporate Social Responsibility agenda (Print)
=SRC  \\$aCOBSI$b1bcobsi.lex
=STA  \\$aSUPPRESSED$bunable to determine reason for suppression

