=LDR  02744 am a2200613 a 4500
=001  015393248
=003  Uk
=005  20091103145456.0
=006  m||||||||d||||||||
=007  cr||||||||||||
=008  090202s2005\\\\enk\\\\\sb\\\o000|0\eng|\
=020  \\$a9780717661008
=020  \\$z0717661008 (Print)
=040  \\$aStDuBDS$beng$cStDuBDS
=042  \\$aukblsr
=050  \4$aTH9323
=082  04$a628.9252$222
=100  1\$aDavies, Gareth F.$q(Gareth Frank)
=245  10$aComputer model for the design and validation of directed water deluge systems for the protection of plant containing pressurised flammable materials against fire$h[electronic resource] /$cGareth F. Davies, Philip F. Nolan.
=260  \\$aSudbury :$bHSE,$c2005.
=300  \\$a51 p. :$bdigital, PDF file.
=336  \\$atext$2rdacontent
=337  \\$acomputer$2rdamedia
=338  \\$aonline resource$2rdacarrier
=490  1\$aResearch report ;$v340
=500  \\$aTitle from PDF title page (viewed on 2 February 2009).
=500  \\$aPrepared by London South Bank University for the Health and Safety Executive.
=504  \\$aIncludes bibliographical references.
=530  \\$aAlso issued in print format.
=538  \\$aMode of access: World Wide Web.
=538  \\$aSystem requirements: Adobe Acrobat Reader.
=650  \0$aFire sprinklers$xComputer simulation.
=650  \0$aHydraulics$xComputer simulation.
=650  \0$aChemical plants$xSafety appliances$xComputer simulation.
=650  \0$aFire protection engineering.
=650  \0$aFlammable materials.
=700  1\$aNolan, Philip F.
=710  1\$aGreat Britain.$bHealth and Safety Executive.
=710  2\$aLondon South Bank University.
=830  \0$aResearch report (Great Britain. Health and Safety Executive) ;$v340.
=852  41$aBritish Library$bHMNTS$jDigital store
=856  40$uhttp://www.hse.gov.uk/research/rrpdf/rr340.pdf
=985  \\$aCOBSI record
=CAT  \\$aBATCH-SURR$b00$c20091015$lBLL01$h1133
=CAT  \\$aBATCH$b00$c20091015$lBLL01$h1135
=CAT  \\$aBATCH-UPD$b00$c20091015$lBLL01$h1322
=CAT  \\$a7332$b40$c20091103$lBLL01$h1454
=CAT  \\$aW1711-1225$c20171203$lBLL01$h1035
=FIN  \\$aY$d20091015
=FMT  \\$a  BK
=LAS  \\$aW1711-1225$b00$c20171203$lBLL01$h1035
=LKR  \\$aPAR$b013247708$lBLL01$mComputer model for the design and validation of directed water deluge systems for the protection of plant containing pressurised flammable materials against fire (PDF)$nComputer model for the design and validation of directed water deluge systems for the protection of plant containing pressurised flammable materials against fire (Print)
=SRC  \\$aCOBSI$b1bcobsi.lex
=STA  \\$aSUPPRESSED$bunable to determine reason for suppression

