=LDR  02535 am a2200637 a 4500
=001  015393249
=003  Uk
=005  20091123075627.0
=006  m||||||||d||||||||
=007  cr||||||||||||
=008  090202s2005\\\\enk\\\\\sb\\\o000|0\eng|\
=020  \\$a9780717661015
=020  \\$z0717661016 (Print)
=040  \\$aStDuBDS$beng$cStDuBDS
=042  \\$aukblsr
=050  \4$aVM989
=082  04$a627.72$222
=100  1\$aAnthony, T. G.$q(Thomas Gavin),$d1956-
=245  10$aBreathing performance of 'Octopus' demand diving regulator systems$h[electronic resource] /$cT.G. Anthony, A.S. Fisher, R.J. Gould.
=260  \\$aSudbury :$bHSE,$c2005.
=300  \\$a42 p. :$bdigital, PDF file.
=336  \\$atext$2rdacontent
=337  \\$acomputer$2rdamedia
=338  \\$aonline resource$2rdacarrier
=490  1\$aResearch report ;$v341
=500  \\$aTitle from PDF title page (viewed on 2 February 2009).
=500  \\$aPrepared by QinetiQ Ltd for the Health and Safety Executive.
=504  \\$aIncludes bibliographical references.
=538  \\$aMode of access: World Wide Web.
=538  \\$aSystem requirements: Adobe Acrobat Reader.
=650  \0$aScuba diving$xEquipment and supplies$xRisk assessment.
=650  \0$aScuba apparatus$xSafety measures.
=650  \0$aAir valves.
=700  1\$aFisher, A. S.$q(Arran Scott),$d1972-
=700  1\$aGould, Bob$q(Bob John).
=710  1\$aGreat Britain.$bHealth and Safety Executive.
=710  2\$aQinetiQ (Firm)
=830  \0$aResearch report (Great Britain. Health and Safety Executive) ;$v341.
=852  41$aBritish Library$bHMNTS$jDigital store
=856  40$uhttp://www.hse.gov.uk/research/rrpdf/rr341.pdf
=985  \\$aCOBSI record
=CAT  \\$aBATCH-SURR$b00$c20091015$lBLL01$h1133
=CAT  \\$aBATCH$b00$c20091015$lBLL01$h1135
=CAT  \\$aBATCH-UPD$b00$c20091015$lBLL01$h1322
=CAT  \\$a7332$b40$c20091116$lBLL01$h1419
=CAT  \\$a7332$b40$c20091123$lBLL01$h0749
=CAT  \\$a7332$b40$c20091123$lBLL01$h0750
=CAT  \\$a7332$b40$c20091123$lBLL01$h0756
=CAT  \\$aW1711-1225$c20171203$lBLL01$h1035
=CAT  \\$aBATCH-UPD$b00$c20171203$lBLL01$h1304
=FIN  \\$aY$d20091015
=FMT  \\$a  BK
=LAS  \\$aBATCH-UPD$b00$c20171203$lBLL01$h1304
=LKR  \\$aPAR$b013217638$lBLL01$mBreathing performance of 'Octopus' demand diving regulator systems (PDF)$nBreathing performance of 'Octopus' demand diving regulator systems (Print)
=SRC  \\$aCOBSI$b1bcobsi.lex
=STA  \\$aSUPPRESSED$bunable to determine reason for suppression

