=LDR  02659 am a2200649 a 4500
=001  015393250
=003  Uk
=005  20091116135032.0
=006  m||||||||d||||||||
=007  cr||||||||||||
=008  090202s2005\\\\enk\\\\\sb\\\o000|0\eng|\
=020  \\$a9780717661022
=020  \\$z0717661024 (Print)
=040  \\$aStDuBDS$beng$cStDuBDS
=042  \\$aukblsr
=050  \4$aT55.3.H45
=082  04$a620.86$222
=100  1\$aHaines, Victoria,$d1964-
=245  10$aRevision of body size criteria in standards - protecting people who work at height$h[electronic resource] /$cVictoria Haines and Edward Elton, Michael Hussey.
=260  \\$aSudbury :$bHSE,$c2005.
=300  \\$a174 p. :$bdigital, PDF file.
=336  \\$atext$2rdacontent
=337  \\$acomputer$2rdamedia
=338  \\$aonline resource$2rdacarrier
=490  1\$aResearch report ;$v342
=500  \\$aTitle from PDF title page (viewed on 2 February 2009).
=500  \\$aPrepared by Loughborough University and Aston Business School for the Health and Safety Executive.
=504  \\$aIncludes bibliographical references.
=530  \\$aAlso issued in print format.
=538  \\$aMode of access: World Wide Web.
=538  \\$aSystem requirements: Adobe Acrobat Reader.
=650  \0$aFalls (Accidents)$xPrevention$xEquipment and supplies.
=650  \0$aSafety appliances$xTesting.
=700  1\$aElton, Edward,$d1980-
=700  1\$aHussey, Michael K.
=710  1\$aGreat Britain.$bHealth and Safety Executive.
=710  2\$aLoughborough University.
=710  2\$aAston Business School.
=830  \0$aResearch report (Great Britain. Health and Safety Executive) ;$v342.
=852  41$aBritish Library$bHMNTS$jDigital store
=856  40$uhttp://www.hse.gov.uk/research/rrpdf/rr342.pdf
=985  \\$aCOBSI record
=CAT  \\$aBATCH-SURR$b00$c20091015$lBLL01$h1133
=CAT  \\$aBATCH$b00$c20091015$lBLL01$h1135
=CAT  \\$aBATCH-UPD$b00$c20091015$lBLL01$h1322
=CAT  \\$a7332$b40$c20091104$lBLL01$h0726
=CAT  \\$a7332$b40$c20091104$lBLL01$h1054
=CAT  \\$a7332$b40$c20091104$lBLL01$h1055
=CAT  \\$a7332$b40$c20091104$lBLL01$h1108
=CAT  \\$a7332$b40$c20091116$lBLL01$h1350
=CAT  \\$aW1711-1225$c20171203$lBLL01$h1035
=FIN  \\$aY$d20091015
=FMT  \\$a  BK
=LAS  \\$aW1711-1225$b00$c20171203$lBLL01$h1035
=LKR  \\$aPAR$b013197153$lBLL01$mRevision of body size criteria in standards - protecting people who work at height (PDF)$nRevision of body size criteria in standards : protecting people who work at height (Print)
=SRC  \\$aCOBSI$b1bcobsi.lex
=STA  \\$aSUPPRESSED$bunable to determine reason for suppression

