=LDR  02086 am a2200541 a 4500
=001  015393251
=003  Uk
=005  20091104085911.0
=006  m||||||||d||||||||
=007  cr||||||||||||
=008  090202s2006\\\\enk\\\\\s\\\\o000|0\eng|\
=040  \\$aStDuBDS$beng$cStDuBDS
=042  \\$aukblsr
=050  \4$aKD3494
=082  04$a344.410465$222
=100  1\$aFenning, Nigel.
=245  10$aImpact evaluation of the Control of major accident hazards (COMAH) regulations 1999$h[electronic resource] /$cNigel Fenning & Michelle Boath.
=260  \\$aSudbury :$bHSE,$c2006.
=300  \\$a182 p. :$bdigital, PDF file.
=336  \\$atext$2rdacontent
=337  \\$acomputer$2rdamedia
=338  \\$aonline resource$2rdacarrier
=490  1\$aResearch report ;$v343
=500  \\$aTitle from PDF title page (viewed on 2 February 2009).
=500  \\$aPrepared by Risk Solutions for the Health and Safety Executive.
=530  \\$aAlso issued in print format.
=538  \\$aMode of access: World Wide Web.
=538  \\$aSystem requirements: Adobe Acrobat Reader.
=610  10$aGreat Britain.$tControl of major accident hazards regulations 1999.
=650  \0$aHazardous substances$xLaw and legislation$xGreat Britain.
=650  \0$aSafety regulations$zGreat Britain$xCosts.
=700  1\$aBoath, Michelle.
=710  1\$aGreat Britain.$bHealth and Safety Executive.
=710  2\$aRiskSol Consulting.
=830  \0$aResearch report (Great Britain. Health and Safety Executive) ;$v343.
=852  41$aBritish Library$bHMNTS$jDigital store
=856  40$uhttp://www.hse.gov.uk/research/rrpdf/rr343.pdf
=985  \\$aCOBSI record
=CAT  \\$aBATCH-SURR$b00$c20091015$lBLL01$h1133
=CAT  \\$aBATCH$b00$c20091015$lBLL01$h1135
=CAT  \\$aBATCH-UPD$b00$c20091015$lBLL01$h1322
=CAT  \\$a7332$b40$c20091104$lBLL01$h0859
=CAT  \\$aW1711-1225$c20171203$lBLL01$h1035
=FIN  \\$aY$d20091015
=FMT  \\$a  BK
=LAS  \\$aW1711-1225$b00$c20171203$lBLL01$h1035
=SRC  \\$aCOBSI$b1bcobsi.lex
=STA  \\$aSUPPRESSED$bunable to determine reason for suppression

