=LDR  02463 am a2200601 a 4500
=001  015393252
=003  Uk
=005  20091207084122.0
=006  m||||||||d||||||||
=007  cr||||||||||||
=008  090202s2005\\\\enk\\\\\sb\\\o000|0\eng|\
=020  \\$a9780717661046
=020  \\$z0717661040 (Print)
=040  \\$aStDuBDS$beng$cStDuBDS
=042  \\$aukblsr
=050  \4$aTC1665
=082  04$a627.98$222
=100  1\$aNelson, Andrew,$d1972-
=245  14$aThe effect of multiple member failure on the risk of gross collapse over typical inspection intervals$h[electronic resource] /$cAndrew Nelson and David Sanderson.
=260  \\$aSudbury :$bHSE,$c2005.
=300  \\$a55 p. :$bdigital, PDF file.
=336  \\$atext$2rdacontent
=337  \\$acomputer$2rdamedia
=338  \\$aonline resource$2rdacarrier
=490  1\$aResearch report ;$v344
=500  \\$aTitle from PDF title page (viewed on 2 February 2009).
=500  \\$aPrepared by MMI Engineering Ltd for the Health and Safety Executive.
=504  \\$aIncludes bibliographical references.
=530  \\$aAlso issued in print format.
=538  \\$aMode of access: World Wide Web.
=538  \\$aSystem requirements: Adobe Acrobat Reader.
=650  \0$aOffshore structures$xRisk assessment.
=650  \0$aStructural failures.
=700  1\$aSanderson, David.
=710  1\$aGreat Britain.$bHealth and Safety Executive.
=710  2\$aMMI Engineering Ltd.
=830  \0$aResearch report (Great Britain. Health and Safety Executive) ;$v344.
=852  41$aBritish Library$bHMNTS$jDigital store
=856  40$uhttp://www.hse.gov.uk/research/rrpdf/rr344.pdf
=985  \\$aCOBSI record
=CAT  \\$aBATCH-SURR$b00$c20091015$lBLL01$h1133
=CAT  \\$aBATCH$b00$c20091015$lBLL01$h1135
=CAT  \\$aBATCH-UPD$b00$c20091015$lBLL01$h1322
=CAT  \\$a7332$b40$c20091126$lBLL01$h1033
=CAT  \\$a7332$b40$c20091126$lBLL01$h1034
=CAT  \\$a7332$b40$c20091207$lBLL01$h0841
=CAT  \\$aW1711-1225$c20171203$lBLL01$h1035
=FIN  \\$aY$d20091015
=FMT  \\$a  BK
=LAS  \\$aW1711-1225$b00$c20171203$lBLL01$h1035
=LKR  \\$aPAR$b013197079$lBLL01$mThe effect of multiple member failure on the risk of gross collapse over typical inspection intervals (PDF)$nThe effect of multiple member failure on the risk of gross collapse over typical inspection intervals (Print)
=SRC  \\$aCOBSI$b1bcobsi.lex
=STA  \\$aSUPPRESSED$bunable to determine reason for suppression

