=LDR  02520 am a2200601 a 4500
=001  015393253
=003  Uk
=005  20091105075537.0
=006  m||||||||d||||||||
=007  cr||||||||||||
=008  090202s2005\\\\enk\\\\\sb\\\o000|0\eng|\
=020  \\$a9780717661084
=020  \\$z0717661083 (Print)
=040  \\$aStDuBDS$beng$cStDuBDS
=042  \\$aukblsr
=050  \4$aRE825
=082  04$a621.381522$222
=245  00$aInvestigation of a measurement technique to determine the apparent source size for light emitting diodes$h[electronic resource] /$cSimon Hall ... [et al.].
=260  \\$aSudbury :$bHSE,$c2005.
=300  \\$a73 p. :$bdigital, PDF file.
=336  \\$atext$2rdacontent
=337  \\$acomputer$2rdamedia
=338  \\$aonline resource$2rdacarrier
=490  1\$aResearch report ;$v345
=500  \\$aTitle from PDF title page (viewed on 2 February 2009).
=500  \\$aPrepared by National Physical Laboratory and Europtics Ltd for the Health and Safety Executive.
=504  \\$aIncludes bibliographical references.
=530  \\$aAlso issued in print format.
=538  \\$aMode of access: World Wide Web.
=538  \\$aSystem requirements: Adobe Acrobat Reader.
=650  \0$aLight sources$xMeasurement.
=650  \0$aLight emitting diodes$xSafety measures.
=650  \0$aIndustrial ophthalmology.
=700  1\$aHall, Simon,$d1964 May 14-
=710  1\$aGreat Britain.$bHealth and Safety Executive.
=710  2\$aNational Physical Laboratory (Great Britain)
=710  2\$aEuroptics Ltd.
=830  \0$aResearch report (Great Britain. Health and Safety Executive) ;$v345.
=852  41$aBritish Library$bHMNTS$jDigital store
=856  40$uhttp://www.hse.gov.uk/research/rrpdf/rr345.pdf
=985  \\$aCOBSI record
=CAT  \\$aBATCH-SURR$b00$c20091015$lBLL01$h1133
=CAT  \\$aBATCH$b00$c20091015$lBLL01$h1135
=CAT  \\$aBATCH-UPD$b00$c20091015$lBLL01$h1322
=CAT  \\$a7332$b40$c20091105$lBLL01$h0749
=CAT  \\$a7332$b40$c20091105$lBLL01$h0755
=CAT  \\$aW1711-1225$c20171203$lBLL01$h1035
=FIN  \\$aY$d20091015
=FMT  \\$a  BK
=LAS  \\$aW1711-1225$b00$c20171203$lBLL01$h1035
=LKR  \\$aPAR$b013247548$lBLL01$mInvestigation of a measurement technique to determine the apparent source size for light emitting diodes (PDF)$nInvestigation of a measurement technique to determine the apparent source size for light emitting diodes (Print)
=SRC  \\$aCOBSI$b1bcobsi.lex
=STA  \\$aSUPPRESSED$bunable to determine reason for suppression

