=LDR  02435 am a2200625 a 4500
=001  015393254
=003  Uk
=005  20091105083035.0
=006  m||||||||d||||||||
=007  cr||||||||||||
=008  090202s2005\\\\enk\\\\\sb\\\o000|0\eng|\
=020  \\$a9780717661077
=020  \\$z0717661075 (Print)
=040  \\$aStDuBDS$beng$cStDuBDS
=042  \\$aukblsr
=050  \4$aHD7262.5.G7
=082  04$a363.10650941$222
=100  1\$aKing, Suzanne,$d1957-
=245  10$aPublic protection consultation study$h[electronic resource] /$cSuzanne King, Mark Dyball, Leeanne Waller.
=260  \\$aSudbury :$bHSE,$c2005.
=300  \\$a54 p. :$bdigital, PDF file.
=336  \\$atext$2rdacontent
=337  \\$acomputer$2rdamedia
=338  \\$aonline resource$2rdacarrier
=490  1\$aResearch report ;$v346
=500  \\$aTitle from PDF title page (viewed on 2 February 2009).
=500  \\$aPrepared by People Science & Policy Ltd for the Health and Safety Executive.
=504  \\$aIncludes bibliographical references.
=530  \\$aAlso issued in print format.
=538  \\$aMode of access: World Wide Web.
=538  \\$aSystem requirements: Adobe Acrobat Reader.
=650  \0$aAccident investigation$zGreat Britain$xPublic opinion.
=650  \0$aGovernmental investigations$zGreat Britain$xPublic opinion.
=700  1\$aDyball, Mark.
=700  1\$aWaller, Leeanne.
=710  1\$aGreat Britain.$bHealth and Safety Executive.
=710  2\$aPeople Science & Policy Ltd.
=830  \0$aResearch report (Great Britain. Health and Safety Executive) ;$v346.
=852  41$aBritish Library$bHMNTS$jDigital store
=856  40$uhttp://www.hse.gov.uk/research/rrpdf/rr346.pdf
=985  \\$aCOBSI record
=CAT  \\$aBATCH-SURR$b00$c20091015$lBLL01$h1133
=CAT  \\$aBATCH$b00$c20091015$lBLL01$h1135
=CAT  \\$aBATCH-UPD$b00$c20091015$lBLL01$h1322
=CAT  \\$a7332$b40$c20091104$lBLL01$h0844
=CAT  \\$a7332$b40$c20091104$lBLL01$h0845
=CAT  \\$a7332$b40$c20091104$lBLL01$h0858
=CAT  \\$a7332$b40$c20091105$lBLL01$h0830
=CAT  \\$aW1711-1225$c20171203$lBLL01$h1035
=FIN  \\$aY$d20091015
=FMT  \\$a  BK
=LAS  \\$aW1711-1225$b00$c20171203$lBLL01$h1035
=LKR  \\$aPAR$b013217651$lBLL01$mPublic protection consultation study (PDF)$nPublic protection consultation study (Print)
=SRC  \\$aCOBSI$b1bcobsi.lex
=STA  \\$aSUPPRESSED$bunable to determine reason for suppression

