=LDR  02478 am a2200601 a 4500
=001  015393255
=003  Uk
=005  20091104091046.0
=006  m||||||||d||||||||
=007  cr||||||||||||
=008  090202s2005\\\\enk\\\\\sb\\\o000|0\eng|\
=020  \\$a9780717661091
=020  \\$z0717661091 (Print)
=040  \\$aStDuBDS$beng$cStDuBDS
=042  \\$aukblsr
=050  \4$aTN871.3
=082  04$a363.11962233819$222
=100  1\$aStanding, R. G.
=245  10$aReview of the role of response forecasting in decision-making for weather-sensitive offshore operations$h[electronic resource] /$cR.G. Standing.
=260  \\$aSudbury :$bHSE,$c2005.
=300  \\$a45 p. :$bdigital, PDF file.
=336  \\$atext$2rdacontent
=337  \\$acomputer$2rdamedia
=338  \\$aonline resource$2rdacarrier
=490  1\$aResearch report ;$v347
=500  \\$aTitle from PDF title page (viewed on 2 February 2009).
=500  \\$aPrepared by BMT Fluid Mechanics Limited for the Health and Safety Executive.
=504  \\$aIncludes bibliographical references.
=530  \\$aAlso issued in print format.
=538  \\$aMode of access: World Wide Web.
=538  \\$aSystem requirements: Adobe Acrobat Reader.
=650  \0$aOffshore support vessels$xSafety measures.
=650  \0$aOffshore oil well drilling$xSafety measures.
=650  \0$aOcean waves$xForecasting.
=650  \0$aWeather forecasting.
=650  \0$aMarine meteorology.
=710  1\$aGreat Britain.$bHealth and Safety Executive.
=710  2\$aBMT Fluid Mechanics Ltd.
=830  \0$aResearch report (Great Britain. Health and Safety Executive) ;$v347.
=852  41$aBritish Library$bHMNTS$jDigital store
=856  40$uhttp://www.hse.gov.uk/research/rrpdf/rr347.pdf
=985  \\$aCOBSI record
=CAT  \\$aBATCH-SURR$b00$c20091015$lBLL01$h1133
=CAT  \\$aBATCH$b00$c20091015$lBLL01$h1135
=CAT  \\$aBATCH-UPD$b00$c20091015$lBLL01$h1322
=CAT  \\$a7332$b40$c20091104$lBLL01$h0910
=CAT  \\$aW1711-1225$c20171203$lBLL01$h1035
=FIN  \\$aY$d20091015
=FMT  \\$a  BK
=LAS  \\$aW1711-1225$b00$c20171203$lBLL01$h1035
=LKR  \\$aPAR$b013247520$lBLL01$mReview of the role of response forecasting in decision-making for weather-sensitive offshore operations (PDF)$nReview of the role of response forecasting in decision-making for weather-sensitive offshore operations (Print)
=SRC  \\$aCOBSI$b1bcobsi.lex
=STA  \\$aSUPPRESSED$bunable to determine reason for suppression

