=LDR  02189 am a2200553 a 4500
=001  015393256
=003  Uk
=005  20091104103051.0
=006  m||||||||d||||||||
=007  cr||||||||||||
=008  090202s2005\\\\enk\\\\\s\\\\o000|0\eng|\
=020  \\$a9780717661107
=020  \\$z0717661105 (Print)
=040  \\$aStDuBDS$beng$cStDuBDS
=042  \\$aukblsr
=050  \4$aVM455
=082  04$a363.123$222
=100  1\$aJenman, C. A.
=245  10$aReport on UKCS DP shuttle tanker incidents 1998 - August 2004$h[electronic resource] /$cC.A. Jenman and J. Farrell-Dillon.
=260  \\$aSudbury :$bHSE,$c2005.
=300  \\$a26 p. :$bdigital, PDF file.
=336  \\$atext$2rdacontent
=337  \\$acomputer$2rdamedia
=338  \\$aonline resource$2rdacarrier
=490  1\$aResearch report ;$v348
=500  \\$aTitle from PDF title page (viewed on 2 February 2009).
=500  \\$aPrepared by Global Maritime Consultancy Ltd for the Health and Safety Executive.
=530  \\$aAlso issued in print format.
=538  \\$aMode of access: World Wide Web.
=538  \\$aSystem requirements: Adobe Acrobat Reader.
=650  \0$aTankers$xAccidents$zNorth Atlantic Ocean$xStatistics.
=700  1\$aFarrell-Dillon, J.
=710  1\$aGreat Britain.$bHealth and Safety Executive.
=710  2\$aGlobal Maritime Consultancy Ltd.
=830  \0$aResearch report (Great Britain. Health and Safety Executive) ;$v348.
=852  41$aBritish Library$bHMNTS$jDigital store
=856  40$uhttp://www.hse.gov.uk/research/rrpdf/rr348.pdf
=985  \\$aCOBSI record
=CAT  \\$aBATCH-SURR$b00$c20091015$lBLL01$h1133
=CAT  \\$aBATCH$b00$c20091015$lBLL01$h1135
=CAT  \\$aBATCH-UPD$b00$c20091015$lBLL01$h1322
=CAT  \\$a7332$b40$c20091104$lBLL01$h1030
=CAT  \\$aW1711-1225$c20171203$lBLL01$h1035
=FIN  \\$aY$d20091015
=FMT  \\$a  BK
=LAS  \\$aW1711-1225$b00$c20171203$lBLL01$h1035
=LKR  \\$aPAR$b013247485$lBLL01$mReport on UKCS DP shuttle tanker incidents 1998 - August 2004 (PDF)$nReport on UKCS DP shuttle tanker incidents 1998 - August 2004 (Print)
=SRC  \\$aCOBSI$b1bcobsi.lex
=STA  \\$aSUPPRESSED$bunable to determine reason for suppression

