=LDR  02259 am a2200601 a 4500
=001  015393258
=003  Uk
=005  20091104112700.0
=006  m||||||||d||||||||
=007  cr||||||||||||
=008  090124s2004\\\\enk\\\\\sb\\\o000|0\eng|\
=020  \\$a9780717629299
=020  \\$a0717629295
=040  \\$aStDuBDS$beng$cStDuBDS
=042  \\$aukblsr
=050  \4$aHD7269.C45
=082  04$a363.11966$222
=100  10$aBrazier, Andrew.
=245  10$aDifferent types of supervision and the impact on safety in the chemical and allied industries$h[electronic resource] /$cAndrew Brazier, Andrew Gait and Peter Waite.
=260  \\$aSudbury :$bHSE,$c2004.
=300  \\$a82 p. :$bdigital, PDF file.
=336  \\$atext$2rdacontent
=337  \\$acomputer$2rdamedia
=338  \\$aonline resource$2rdacarrier
=490  1\$aResearch report ;$v292
=500  \\$aTitle from PDF title page (viewed on 24 January 2009).
=500  \\$aPrepared by Entec UK Ltd. for the Health and Safety Executive.
=504  \\$aIncludes bibliographical references.
=530  \\$aAlso issued in print format.
=538  \\$aMode of access: World Wide Web.
=538  \\$aSystem requirements: Adobe Acrobat Reader.
=650  \0$aChemical industry$xSafety measures$xManagement.
=650  \0$aChemical workers$xSupervision of.
=650  \0$aSupervision of employees$vCase studies.
=700  1\$aGait, Andrew.
=700  1\$aWaite, Peter,$d1950-
=710  1\$aGreat Britain.$bHealth and Safety Executive.
=710  2\$aEntec UK Limited.
=830  \0$aResearch report (Great Britain. Health and Safety Executive) ;$v292.
=852  41$aBritish Library$bHMNTS$jDigital store
=856  40$uhttp://www.hse.gov.uk/research/rrpdf/rr292.pdf
=985  \\$aCOBSI record
=CAT  \\$aBATCH-SURR$b00$c20091015$lBLL01$h1133
=CAT  \\$aBATCH$b00$c20091015$lBLL01$h1135
=CAT  \\$aBATCH-UPD$b00$c20091015$lBLL01$h1322
=CAT  \\$a7332$b40$c20091104$lBLL01$h1127
=CAT  \\$aW1711-1225$c20171203$lBLL01$h1035
=CAT  \\$aBATCH-UPD$b00$c20171203$lBLL01$h1304
=FIN  \\$aY$d20091015
=FMT  \\$a  BK
=LAS  \\$aBATCH-UPD$b00$c20171203$lBLL01$h1304
=SRC  \\$aCOBSI$b1bcobsi.lex
=STA  \\$aSUPPRESSED$bunable to determine reason for suppression

