=LDR  02192 am a2200565 a 4500
=001  015393259
=003  Uk
=005  20091126103653.0
=006  m||||||||d||||||||
=007  cr||||||||||||
=008  090127s2004\\\\enk\\\\\sb\\\o000|0\eng|\
=040  \\$aStDuBDS$beng$cStDuBDS
=042  \\$aukblsr
=050  \4$aHD7269.C45
=082  04$a363.11966$222
=100  1\$aWard, Rachel.
=245  10$aDifferent types of supervision and the impact on safety in the chemical and allied industries.$pLiterature review$h[electronic resource] /$cRachel Ward, Andrew Brazier and Rebecca Lancaster.
=260  \\$aSudbury :$bHSE,$c[2004]
=300  \\$a55 p. :$bdigital, PDF file.
=336  \\$atext$2rdacontent
=337  \\$acomputer$2rdamedia
=338  \\$aonline resource$2rdacarrier
=490  1\$aResearch report ;$v292a
=500  \\$aTitle from PDF title page (viewed on 27 January 2009).
=500  \\$aPrepared by Entec UK Ltd. for the Health and Safety Executive.
=504  \\$aIncludes bibliographical references (p. 27-30).
=530  \\$aAlso issued in print format.
=538  \\$aMode of access: World Wide Web.
=538  \\$aSystem requirements: Adobe Acrobat Reader.
=650  \0$aChemical industry$xSafety measures$xManagement.
=650  \0$aChemical workers$xSupervision of.
=650  \0$aSupervision of employees$vCase studies.
=700  1\$aBrazier, Andrew.
=700  1\$aLancaster, Rebecca J.
=710  1\$aGreat Britain.$bHealth and Safety Executive.
=710  2\$aEntec UK Limited.
=830  \0$aResearch report (Great Britain. Health and Safety Executive) ;$v292a.
=852  41$aBritish Library$bHMNTS$jDigital store
=856  40$uhttp://www.hse.gov.uk/research/rrpdf/rr292a.pdf
=985  \\$aCOBSI record
=CAT  \\$aBATCH-SURR$b00$c20091015$lBLL01$h1133
=CAT  \\$aBATCH$b00$c20091015$lBLL01$h1135
=CAT  \\$aBATCH-UPD$b00$c20091015$lBLL01$h1322
=CAT  \\$a7332$b40$c20091126$lBLL01$h1036
=CAT  \\$aW1711-1225$c20171203$lBLL01$h1035
=FIN  \\$aY$d20091015
=FMT  \\$a  BK
=LAS  \\$aW1711-1225$b00$c20171203$lBLL01$h1035
=SRC  \\$aCOBSI$b1bcobsi.lex
=STA  \\$aSUPPRESSED$bunable to determine reason for suppression

