=LDR  02108 am a2200565 a 4500
=001  015393261
=003  Uk
=005  20100908081315.0
=006  m||||||||d||||||||
=007  cr||||||||||||
=008  090128s2004\\\\enk\\\\\s\\\\o000|0\eng|\
=020  \\$a9780717629374
=020  \\$a0717629376
=040  \\$aStDuBDS$beng$cStDuBDS
=042  \\$aukblsr
=050  \4$aVM149
=082  04$a623.84$222
=100  1\$aBowditch, M. R.
=245  10$aFeasibility study to compare steel and adhesive/composite-based emergency repair methods for damaged hulls$h[electronic resource] /$cM.R. Bowditch, T.I. Harper and J.M. Lane.
=260  \\$aSudbury :$bHSE,$c2004.
=300  \\$a29 p. :$bdigital, PDF file.
=336  \\$atext$2rdacontent
=337  \\$acomputer$2rdamedia
=338  \\$aonline resource$2rdacarrier
=490  1\$aResearch report ;$v293
=500  \\$aTitle from PDF title page (viewed on 28 January 2009).
=500  \\$aPrepared by DERA for the Health and Safety Executive.
=530  \\$aAlso issued in print format.
=538  \\$aMode of access: World Wide Web.
=538  \\$aSystem requirements: Adobe Acrobat Reader.
=650  \0$aHulls (Naval architecture)$xMaintenance and repair.
=650  \0$aSealing compounds.
=700  1\$aHarper, T. I.
=700  1\$aLane, J. M.
=710  1\$aGreat Britain.$bHealth and Safety Executive.
=710  1\$aGreat Britain.$bDefence Evaluation and Research Agency.
=830  \0$aResearch report (Great Britain. Health and Safety Executive) ;$v293.
=852  41$aBritish Library$bHMNTS$jDigital store
=856  40$uhttp://www.hse.gov.uk/research/rrpdf/rr293.pdf
=985  \\$aCOBSI record
=CAT  \\$aBATCH-SURR$b00$c20091015$lBLL01$h1133
=CAT  \\$aBATCH$b00$c20091015$lBLL01$h1135
=CAT  \\$aBATCH-UPD$b00$c20091015$lBLL01$h1322
=CAT  \\$a7332$b40$c20100908$lBLL01$h0813
=CAT  \\$aW1711-1225$c20171203$lBLL01$h1035
=FIN  \\$aY$d20091015
=FMT  \\$a  BK
=LAS  \\$aW1711-1225$b00$c20171203$lBLL01$h1035
=SRC  \\$aCOBSI$b1bcobsi.lex
=STA  \\$aSUPPRESSED$bunable to determine reason for suppression

