=LDR  02354 am a2200589 a 4500
=001  015393262
=003  Uk
=005  20091126081933.0
=006  m||||||||d||||||||
=007  cr||||||||||||
=008  090127s2004\\\\enk\\\\\sb\\\o000|0\eng|\
=020  \\$a9780717629398
=020  \\$z0717629392 (Print)
=040  \\$aStDuBDS$beng$cStDuBDS
=042  \\$aukblsr
=050  \4$aTA660.J64
=082  04$a621.8672$222
=100  1\$aBurch, S. F.
=245  10$aRecommended practice for the rapid inspection of small bore connectors using radiography$h[electronic resource] /$cS.F. Burch and N.J. Collett.
=260  \\$aSudbury :$bHSE,$c2004.
=300  \\$a48 p. :$bdigital, PDF file.
=336  \\$atext$2rdacontent
=337  \\$acomputer$2rdamedia
=338  \\$aonline resource$2rdacarrier
=490  1\$aResearch report ;$v294
=500  \\$aTitle from PDF title page (viewed on 27 January 2009).
=500  \\$aPrepared by AEA Technology plc for the Health and Safety Executive.
=504  \\$aIncludes bibliographical references.
=530  \\$aAlso issued in print format.
=538  \\$aMode of access: World Wide Web.
=538  \\$aSystem requirements: Adobe Acrobat Reader.
=650  \0$aPipe joints$xInspection.
=650  \0$aPipe joints$xRadiography.
=700  1\$aCollett, N. J.
=710  1\$aGreat Britain.$bHealth and Safety Executive.
=710  2\$aAEA Technology (Firm)
=830  \0$aResearch report (Great Britain. Health and Safety Executive) ;$v294.
=852  41$aBritish Library$bHMNTS$jDigital store
=856  40$uhttp://www.hse.gov.uk/research/rrpdf/rr294.pdf
=985  \\$aCOBSI record
=CAT  \\$aBATCH-SURR$b00$c20091015$lBLL01$h1133
=CAT  \\$aBATCH$b00$c20091015$lBLL01$h1135
=CAT  \\$aBATCH-UPD$b00$c20091015$lBLL01$h1322
=CAT  \\$a7332$b40$c20091126$lBLL01$h0818
=CAT  \\$a7332$b40$c20091126$lBLL01$h0819
=CAT  \\$aW1711-1225$c20171203$lBLL01$h1035
=FIN  \\$aY$d20091015
=FMT  \\$a  BK
=LAS  \\$aW1711-1225$b00$c20171203$lBLL01$h1035
=LKR  \\$aPAR$b013133054$lBLL01$nRecommended practice for the rapid inspection of small bore connectors using radiography (Print)$mRecommended practice for the rapid inspection of small bore connectors using radiography (PDF)
=SRC  \\$aCOBSI$b1bcobsi.lex
=STA  \\$aSUPPRESSED$bunable to determine reason for suppression

