=LDR  02552 am a2200589 a 4500
=001  015393263
=003  Uk
=005  20091126084127.0
=006  m||||||||d||||||||
=007  cr||||||||||||
=008  090127s2005\\\\enk\\\\\sb\\\o000|0\eng|\
=020  \\$a9780717629381
=020  \\$z0717629384 (Print)
=040  \\$aStDuBDS$beng$cStDuBDS
=042  \\$aukblsr
=050  \4$aHD5115
=082  04$a658.314$222
=100  1\$aTasho, William.
=245  10$aEstablishing the business case for investing in stress prevention activities and evaluating their impact on sickness absence levels$h[electronic resource] :$bcase study /$cWilliam Tasho, Joe Jordan, Ivan Robertson.
=260  \\$aSudbury :$bHSE,$c2005.
=300  \\$a73 p. :$bdigital, PDF file.
=336  \\$atext$2rdacontent
=337  \\$acomputer$2rdamedia
=338  \\$aonline resource$2rdacarrier
=490  1\$aResearch report ;$v295
=500  \\$aTitle from PDF title page (viewed on 27 January 2009).
=500  \\$aPrepared by Robertson Cooper Ltd. for the Health and Safety Executive.
=504  \\$aIncludes bibliographical references.
=530  \\$aAlso issued in print format.
=538  \\$aMode of access: World Wide Web.
=538  \\$aSystem requirements: Adobe Acrobat Reader.
=650  \0$aJob stress$xPrevention$vCase studies.
=650  \0$aAbsenteeism (Labor)$vCase studies.
=700  1\$aJordan, Joe.
=700  1\$aRobertson, Ivan T.,$d1946-
=710  1\$aGreat Britain.$bHealth and Safety Executive.
=710  2\$aRobertson Cooper Ltd.
=830  \0$aResearch report (Great Britain. Health and Safety Executive) ;$v295.
=852  41$aBritish Library$bHMNTS$jDigital store
=856  40$uhttp://www.hse.gov.uk/research/rrpdf/rr295.pdf
=985  \\$aCOBSI record
=CAT  \\$aBATCH-SURR$b00$c20091015$lBLL01$h1133
=CAT  \\$aBATCH$b00$c20091015$lBLL01$h1135
=CAT  \\$aBATCH-UPD$b00$c20091015$lBLL01$h1322
=CAT  \\$a7332$b40$c20091126$lBLL01$h0841
=CAT  \\$aW1711-1225$c20171203$lBLL01$h1035
=FIN  \\$aY$d20091015
=FMT  \\$a  BK
=LAS  \\$aW1711-1225$b00$c20171203$lBLL01$h1035
=LKR  \\$aPAR$b013133104$lBLL01$mEstablishing the business case for investing in stress prevention activities and evaluating their impact on sickness absence levels case study (PDF)$nCase study : establishing the business case for investing in stress prevention activities and evaluating their impact on sickness absence levels (Print)
=SRC  \\$aCOBSI$b1bcobsi.lex
=STA  \\$aSUPPRESSED$bunable to determine reason for suppression

