=LDR  02331 am a2200589 a 4500
=001  015393265
=003  Uk
=005  20091126091407.0
=006  m||||||||d||||||||
=007  cr||||||||||||
=008  090128s2005\\\\enk\\\\\sb\\\o000|0\eng|\
=020  \\$a9780717629411
=020  \\$z0717629414 (Print)
=040  \\$aStDuBDS$beng$cStDuBDS
=042  \\$aukblsr
=050  \4$aHB850.5.G7
=082  04$a363.10015118$222
=245  02$aA national population data base for major accident hazard modelling$h[electronic resource] /$cGraham Smith ... [et al.].
=260  \\$aSudbury :$bHSE,$c2005.
=300  \\$a90 p. :$bdigital, PDF file.
=336  \\$atext$2rdacontent
=337  \\$acomputer$2rdamedia
=338  \\$aonline resource$2rdacarrier
=490  1\$aResearch report ;$v297
=500  \\$aTitle from PDF title page (viewed on 28 January 2009).
=500  \\$aPrepared by Staffordshire University for the Health and Safety Executive.
=504  \\$aIncludes bibliographical references.
=530  \\$aAlso issued in print format.
=538  \\$aMode of access: World Wide Web.
=538  \\$aSystem requirements: Adobe Acrobat Reader.
=650  \0$aPopulation research.
=650  \0$aAccidents$xMathematical models.
=651  \0$aGreat Britain$xPopulation$xDatabases.
=700  1\$aSmith, Graham.
=710  1\$aGreat Britain.$bHealth and Safety Executive.
=710  2\$aStaffordshire University.
=830  \0$aResearch report (Great Britain. Health and Safety Executive) ;$v297.
=852  41$aBritish Library$bHMNTS$jDigital store
=856  40$uhttp://www.hse.gov.uk/research/rrpdf/rr297.pdf
=985  \\$aCOBSI record
=CAT  \\$aBATCH-SURR$b00$c20091015$lBLL01$h1133
=CAT  \\$aBATCH$b00$c20091015$lBLL01$h1135
=CAT  \\$aBATCH-UPD$b00$c20091015$lBLL01$h1322
=CAT  \\$a7332$b40$c20091126$lBLL01$h0913
=CAT  \\$a7332$b40$c20091126$lBLL01$h0914
=CAT  \\$aW1711-1225$c20171203$lBLL01$h1035
=FIN  \\$aY$d20091015
=FMT  \\$a  BK
=LAS  \\$aW1711-1225$b00$c20171203$lBLL01$h1035
=LKR  \\$aPAR$b013133153$lBLL01$mA national population data base for major accident hazard modelling (PDF)$nA national population data base for major accident hazard modelling (Print)
=SRC  \\$aCOBSI$b1bcobsi.lex
=STA  \\$aSUPPRESSED$bunable to determine reason for suppression

