=LDR  02492 am a2200613 a 4500
=001  015393266
=003  Uk
=005  20091126090948.0
=006  m||||||||d||||||||
=007  cr||||||||||||
=008  090129s2005\\\\enk\\\\\sb\\\o000|0\eng|\
=020  \\$a9780717629442
=020  \\$z0717629449 (Print)
=040  \\$aStDuBDS$beng$cStDuBDS
=042  \\$aukblsr
=050  \4$aTP692.5
=082  04$a681.76650289$222
=100  1\$aGregori, Andrea.
=245  10$aChloride stress corrosion cracking of duplex stainless steels in the absence of oxygen.$pPhase two - electrochemical monitoring of SCC$h[electronic resource] /$cAndrea Gregori, Tasos Kostrivas, Stuart Bond.
=260  \\$aSudbury :$bHSE,$c2005.
=300  \\$a24 p. :$bdigital, PDF file.
=336  \\$atext$2rdacontent
=337  \\$acomputer$2rdamedia
=338  \\$aonline resource$2rdacarrier
=490  1\$aResearch report ;$v298
=500  \\$aTitle from PDF title page (viewed on 29 January 2009).
=500  \\$aPrepared by TWI Ltd. for the Health and Safety Executive.
=504  \\$aIncludes bibliographical references.
=530  \\$aAlso issued in print format.
=538  \\$aMode of access: World Wide Web.
=538  \\$aSystem requirements: Adobe Acrobat Reader.
=650  \0$aSteel, Stainless$xStress corrosion.
=650  \0$aOil fields$xEquipment and supplies$xCorrosion.
=650  \0$aChlorides.
=650  \0$aElectrochemical analysis.
=700  1\$aKostrivas, Tasos.
=700  1\$aBond, Stuart.
=710  1\$aGreat Britain.$bHealth and Safety Executive.
=710  2\$aWelding Institute.
=830  \0$aResearch report (Great Britain. Health and Safety Executive) ;$v298.
=852  41$aBritish Library$bHMNTS$jDigital store
=856  40$uhttp://www.hse.gov.uk/research/rrpdf/rr298.pdf
=985  \\$aCOBSI record
=CAT  \\$aBATCH-SURR$b00$c20091015$lBLL01$h1133
=CAT  \\$aBATCH$b00$c20091015$lBLL01$h1135
=CAT  \\$aBATCH-UPD$b00$c20091015$lBLL01$h1322
=CAT  \\$a7332$b40$c20091126$lBLL01$h0909
=CAT  \\$aW1711-1225$c20171203$lBLL01$h1035
=FIN  \\$aY$d20091015
=FMT  \\$a  BK
=LAS  \\$aW1711-1225$b00$c20171203$lBLL01$h1035
=LKR  \\$aPAR$b013132893$lBLL01$mChloride stress corrosion cracking of duplex stainless steels in the absence of oxygen (PDF)$nChloride stress corrosion cracking of duplex stainless steels in the absence of oxygen (Print)
=SRC  \\$aCOBSI$b1bcobsi.lex
=STA  \\$aSUPPRESSED$bunable to determine reason for suppression

