=LDR  02384 am a2200601 a 4500
=001  015393267
=003  Uk
=005  20091126092922.0
=006  m||||||||d||||||||
=007  cr||||||||||||
=008  090128s2005\\\\enk\\\\\sb\\\o000|0\eng|\
=020  \\$a9780717629459
=020  \\$z0717629457 (Print)
=040  \\$aStDuBDS$beng$cStDuBDS
=042  \\$aukblsr
=050  \4$aTS156.2
=082  04$a670.425$222
=100  1\$aGoujon, N. S.
=245  10$aEvaluation of CEN ultrasonic testing standards for in-service inspection$h[electronic resource] /$cN.S. Goujon and B.W.O. Shepherd.
=260  \\$aSudbury :$bHSE,$c2005.
=300  \\$a105 p. :$bdigital, PDF file.
=336  \\$atext$2rdacontent
=337  \\$acomputer$2rdamedia
=338  \\$aonline resource$2rdacarrier
=490  1\$aResearch report ;$v299
=500  \\$aTitle from PDF title page (viewed on 28 January 2009).
=500  \\$aPrepared by Mitsui Babcock for the Health and Safety Executive.
=504  \\$aIncludes bibliographical references.
=530  \\$aAlso issued in print format.
=538  \\$aMode of access: World Wide Web.
=538  \\$aSystem requirements: Adobe Acrobat Reader.
=650  \0$aEngineering inspection$xStandards.
=650  \0$aUltrasonic testing$xStandards.
=650  \0$aWelded joints$xTesting$xStandards.
=700  1\$aShepherd, B. W. O.
=710  1\$aGreat Britain.$bHealth and Safety Executive.
=710  2\$aMitsui Babcock Energy Limited.
=830  \0$aResearch report (Great Britain. Health and Safety Executive) ;$v299.
=852  41$aBritish Library$bHMNTS$jDigital store
=856  40$uhttp://www.hse.gov.uk/research/rrpdf/rr299.pdf
=985  \\$aCOBSI record
=CAT  \\$aBATCH-SURR$b00$c20091015$lBLL01$h1133
=CAT  \\$aBATCH$b00$c20091015$lBLL01$h1135
=CAT  \\$aBATCH-UPD$b00$c20091015$lBLL01$h1322
=CAT  \\$a7332$b40$c20091126$lBLL01$h0920
=CAT  \\$a7332$b40$c20091126$lBLL01$h0929
=CAT  \\$aW1711-1225$c20171203$lBLL01$h1035
=FIN  \\$aY$d20091015
=FMT  \\$a  BK
=LAS  \\$aW1711-1225$b00$c20171203$lBLL01$h1035
=LKR  \\$aPAR$b013247553$lBLL01$mEvaluation of CEN ultrasonic testing standards for in-service inspection (PDF)$nEvaluation of CEN ultrasonic testing standards for in-service inspection (Print)
=SRC  \\$aCOBSI$b1bcobsi.lex
=STA  \\$aSUPPRESSED$bunable to determine reason for suppression

