=LDR  02777 am a2200637 a 4500
=001  015393268
=003  Uk
=005  20100201105316.0
=006  m||||||||d||||||||
=007  cr||||||||||||
=008  090128s2005\\\\enk\\\\\sb\\\o000|0\eng|\
=020  \\$a9780717629466
=020  \\$z0717629465 (Print)
=040  \\$aStDuBDS$beng$cStDuBDS
=042  \\$aukblsr
=050  \4$aRL244
=082  04$a616.5105$222
=100  10$aSadhra, Steven S.
=245  10$aDevelopment of a field method for the assessment of the effectiveness of barrier creams in preventing skin irritation reactions$h[electronic resource] /$cSteven Sadhra and Sarah Holloway.
=260  \\$aSudbury :$bHSE,$c2005.
=300  \\$a86 p. :$bdigital, PDF file.
=336  \\$atext$2rdacontent
=337  \\$acomputer$2rdamedia
=338  \\$aonline resource$2rdacarrier
=490  1\$aResearch report ;$v300
=500  \\$aTitle from PDF title page (viewed on 28 January 2009).
=500  \\$aPrepared by the University of Birmingham, University of Central England and City Hospital Birmingham for the Health and Safety Executive.
=504  \\$aIncludes bibliographical references.
=530  \\$aAlso issued in print format.
=538  \\$aMode of access: World Wide Web.
=538  \\$aSystem requirements: Adobe Acrobat Reader.
=650  \0$aBarrier creams$xEvaluation.
=650  \0$aContact dermatitis$xPrevention.
=700  1\$aHolloway, Sarah.
=710  1\$aGreat Britain.$bHealth and Safety Executive.
=710  2\$aUniversity of Birmingham.
=710  2\$aUniversity of Central England in Birmingham.
=710  2\$aCity Hospital (Birmingham, England)
=830  \0$aResearch report (Great Britain. Health and Safety Executive) ;$v300.
=852  41$aBritish Library$bHMNTS$jDigital store
=856  40$uhttp://www.hse.gov.uk/research/rrpdf/rr300.pdf
=985  \\$aCOBSI record
=CAT  \\$aBATCH-SURR$b00$c20091015$lBLL01$h1133
=CAT  \\$aBATCH$b00$c20091015$lBLL01$h1135
=CAT  \\$aBATCH-UPD$b00$c20091015$lBLL01$h1322
=CAT  \\$a7332$b40$c20100201$lBLL01$h1027
=CAT  \\$a7332$b40$c20100201$lBLL01$h1032
=CAT  \\$a7332$b40$c20100201$lBLL01$h1053
=CAT  \\$aBATCH-UPD$b40$c20151012$lBLL01$h0711
=CAT  \\$aW1711-1225$c20171203$lBLL01$h1035
=FIN  \\$aY$d20091015
=FMT  \\$a  BK
=LAS  \\$aW1711-1225$b00$c20171203$lBLL01$h1035
=LKR  \\$aPAR$b013133003$lBLL01$mDevelopment of a field method for the assessment of the effectiveness of barrier creams in preventing skin irritation reactions (PDF)$nDevelopment of a field method for the assessment of the effectiveness of barriers creams in preventing skin irritation reactions (Print)
=SRC  \\$aCOBSI$b1bcobsi.lex
=STA  \\$aSUPPRESSED$bunable to determine reason for suppression

