=LDR  02461 am a2200613 a 4500
=001  015393270
=003  Uk
=005  20100201111130.0
=006  m||||||||d||||||||
=007  cr||||||||||||
=008  090128s2005\\\\enk\\\\\sb\\\o000|0\eng|\
=020  \\$a9780717629480
=020  \\$z0717629481 (Print)
=040  \\$aStDuBDS$beng$cStDuBDS
=042  \\$aukblsr
=050  \4$aTH443
=082  04$a690.22$222
=100  1\$aCameron, Iain.
=245  12$aA technical guide to the selection and use of fall prevention and arrest equipment$h[electronic resource] /$cIain Cameron, Roy Duff and Gary Gillan.
=260  \\$aSudbury :$bHSE,$c2005.
=300  \\$a338 p. :$bdigital, PDF file.
=336  \\$atext$2rdacontent
=337  \\$acomputer$2rdamedia
=338  \\$aonline resource$2rdacarrier
=490  1\$aResearch report ;$v302
=500  \\$aTitle from PDF title page (viewed on 28 January 2009).
=500  \\$aPrepared by Glasgow Caledonian University for the Health and Safety Executive.
=504  \\$aIncludes bibliographical references.
=530  \\$aAlso issued in print format.
=538  \\$aMode of access: World Wide Web.
=538  \\$aSystem requirements: Adobe Acrobat Reader.
=650  \0$aFalls (Accidents)$xPrevention.
=650  \0$aBuilding sites$xSafety appliances.
=650  \0$aConstruction industry$xSafety measures.
=700  1\$aDuff, Roy.
=700  1\$aGillan, Gary.
=710  1\$aGreat Britain.$bHealth and Safety Executive.
=710  2\$aGlasgow Caledonian University.
=830  \0$aResearch report (Great Britain. Health and Safety Executive) ;$v302.
=852  41$aBritish Library$bHMNTS$jDigital store
=856  40$uhttp://www.hse.gov.uk/research/rrpdf/rr302.pdf
=985  \\$aCOBSI record
=CAT  \\$aBATCH-SURR$b00$c20091015$lBLL01$h1133
=CAT  \\$aBATCH$b00$c20091015$lBLL01$h1135
=CAT  \\$aBATCH-UPD$b00$c20091015$lBLL01$h1322
=CAT  \\$a7332$b40$c20100201$lBLL01$h1054
=CAT  \\$a7332$b40$c20100201$lBLL01$h1111
=CAT  \\$aW1711-1225$c20171203$lBLL01$h1035
=FIN  \\$aY$d20091015
=FMT  \\$a  BK
=LAS  \\$aW1711-1225$b00$c20171203$lBLL01$h1035
=LKR  \\$aPAR$b013133065$lBLL01$mA technical guide to the selection and use of fall prevention and arrest equipment (PDF)$nA technical guide to the selection and use of fall prevention and arrest equipment (Print)
=SRC  \\$aCOBSI$b1bcobsi.lex
=STA  \\$aSUPPRESSED$bunable to determine reason for suppression

