=LDR  02562 am a2200625 a 4500
=001  015393273
=003  Uk
=005  20100201131326.0
=006  m||||||||d||||||||
=007  cr||||||||||||
=008  090128s2005\\\\enk\\\\\sb\\\o000|0\eng|\
=020  \\$z9780717629930
=020  \\$z0717629937 (Print)
=040  \\$aStDuBDS$beng$cStDuBDS
=042  \\$aukblsr
=050  \4$aHD8039.O34
=082  04$a331.762233819$222
=100  10$aMearns, Kathryn.
=245  10$aHealth and well-being in the offshore environment$h[electronic resource] :$bthe management of personal health /$cKathryn Mearns and Lorraine Hope.
=260  \\$aSudbury :$bHSE,$c2005.
=300  \\$a147 p. :$bdigital, PDF file.
=336  \\$atext$2rdacontent
=337  \\$acomputer$2rdamedia
=338  \\$aonline resource$2rdacarrier
=490  1\$aResearch report ;$v305
=500  \\$aTitle from PDF title page (viewed on 28 January 2009).
=500  \\$aPrepared by University of Aberdeen for the Health and Safety Executive.
=504  \\$aIncludes bibliographical references.
=530  \\$aAlso issued in print format.
=538  \\$aMode of access: World Wide Web.
=538  \\$aSystem requirements: Adobe Acrobat Reader.
=650  \0$aOffshore oil industry$xEmployees$xHealth and hygiene.
=650  \0$aOffshore oil industry$xHealth aspects.
=650  \0$aHealth behavior$xEconomic aspects.
=700  1\$aHope, Lorraine.
=710  1\$aGreat Britain.$bHealth and Safety Executive.
=710  2\$aUniversity of Aberdeen.
=830  \0$aResearch report (Great Britain. Health and Safety Executive) ;$v305.
=852  41$aBritish Library$bHMNTS$jDigital store
=856  40$uhttp://www.hse.gov.uk/research/rrpdf/rr305.pdf
=985  \\$aCOBSI record
=CAT  \\$aBATCH-SURR$b00$c20091015$lBLL01$h1133
=CAT  \\$aBATCH$b00$c20091015$lBLL01$h1135
=CAT  \\$aBATCH-UPD$b00$c20091015$lBLL01$h1322
=CAT  \\$a11279$b40$c20091020$lBLL01$h1427
=CAT  \\$a7332$b40$c20100201$lBLL01$h1309
=CAT  \\$a7332$b40$c20100201$lBLL01$h1313
=CAT  \\$aBATCH-UPD$b40$c20150813$lBLL01$h2113
=CAT  \\$aW1711-1225$c20171203$lBLL01$h1035
=FIN  \\$aY$d20091015
=FMT  \\$a  BK
=LAS  \\$aW1711-1225$b00$c20171203$lBLL01$h1035
=LKR  \\$aPAR$b013177291$lBLL01$mHealth and well-being in the offshore environment the management of personal health (PDF)$nHealth and well-being in the offshore environment : the management of personal health (Print)
=SRC  \\$aCOBSI$b1bcobsi.lex
=STA  \\$aSUPPRESSED$bunable to determine reason for suppression

