=LDR  02065 am a2200565 a 4500
=001  015393275
=003  Uk
=005  20171203130400.0
=006  m||||||||d||||||||
=007  cr||||||||||||
=008  090128s2005\\\\enk\\\\\sb\\\o000|0\eng|\
=020  \\$a9780717629329
=020  \\$a0717629325
=040  \\$aStDuBDS$beng$cStDuBDS
=042  \\$aukblsr
=050  \4$aVM466.S4
=082  04$a623.823$222
=100  10$aRobson, J. K.
=245  10$aUse and operation of daughter craft in the UKCS$h[electronic resource] /$cJ.K. Robson.
=260  \\$aSudbury :$bHSE,$c2005.
=300  \\$a58 p. :$bdigital, PDF file.
=336  \\$atext$2rdacontent
=337  \\$acomputer$2rdamedia
=338  \\$aonline resource$2rdacarrier
=490  1\$aResearch report ;$v307
=500  \\$aTitle from PDF title page (viewed on 28 January 2009).
=500  \\$aPrepared by HSL for the Health and Safety Executive.
=504  \\$aIncludes bibliographical references.
=530  \\$aAlso issued in print format.
=538  \\$aMode of access: World Wide Web.
=538  \\$aSystem requirements: Adobe Acrobat Reader.
=650  \0$aSearch and rescue boats$xSafety regulations.
=650  \0$aOffshore support vessels$xSafety regulations.
=710  1\$aGreat Britain.$bHealth and Safety Executive.
=710  2\$aMarine Technology Support Unit.
=830  \0$aResearch report (Great Britain. Health and Safety Executive) ;$v307.
=852  41$aBritish Library$bHMNTS$jDigital store
=856  40$uhttp://www.hse.gov.uk/research/rrpdf/rr307.pdf
=985  \\$aCOBSI record
=CAT  \\$aBATCH-SURR$b00$c20091015$lBLL01$h1133
=CAT  \\$aBATCH$b00$c20091015$lBLL01$h1135
=CAT  \\$aBATCH-UPD$b00$c20091015$lBLL01$h1322
=CAT  \\$a12179$b40$c20100201$lBLL01$h0953
=CAT  \\$aW1711-1225$c20171203$lBLL01$h1035
=CAT  \\$aBATCH-UPD$b00$c20171203$lBLL01$h1304
=FIN  \\$aY$d20091015
=FMT  \\$a  BK
=LAS  \\$aBATCH-UPD$b00$c20171203$lBLL01$h1304
=SRC  \\$aCOBSI$b1bcobsi.lex
=STA  \\$aSUPPRESSED$bunable to determine reason for suppression

