=LDR  02782cam a2200685 a 4500
=001  015393276
=003  Uk
=005  20100202080523.0
=006  m||||||||d||||||||
=007  cr||||||||||||
=008  090128s2005\\\\enk\\\\\sb\\\o000|0\eng|\
=FMT  \\$a  BK
=020  \\$a9780717629534
=020  \\$z0717629538 (Print)
=040  \\$aStDuBDS$beng$cStDuBDS
=042  \\$aukblsr
=050  \4$aHF5548.85
=082  04$a158.72089$222
=245  00$aEthnicity, work characteristics, stress and health$h[electronic resource] /$cAndrew Smith ... [et al.].
=260  \\$aSudbury :$bHSE,$c2005.
=300  \\$a104 p. :$bdigital, PDF file.
=336  \\$atext$2rdacontent
=337  \\$acomputer$2rdamedia
=338  \\$aonline resource$2rdacarrier
=490  1\$aResearch report ;$v308
=500  \\$aTitle from PDF title page (viewed on 28 January 2009).
=500  \\$aPrepared by Cardiff University and Queen Mary, University of London for the Health and Safety Executive.
=504  \\$aIncludes bibliographical references.
=530  \\$aAlso issued in print format.
=538  \\$aMode of access: World Wide Web.
=538  \\$aSystem requirements: Adobe Acrobat Reader.
=650  \0$aBlack people$xJob stress$zGreat Britain.
=650  \0$aAsians$xJob stress$zGreat Britain.
=650  \0$aWhite people$xJob stress$zGreat Britain.
=650  \0$aRace discrimination$zGreat Britain$xPsychological aspects.
=650  \0$aRace discrimination$xHealth aspects$zGreat Britain.
=700  1\$aSmith, A. P.$q(Andrew P.).
=710  1\$aGreat Britain.$bHealth and Safety Executive.
=710  2\$aCardiff University.
=710  2\$aUniversity of London.$bQueen Mary.
=830  \0$aResearch report (Great Britain. Health and Safety Executive) ;$v308.
=856  40$uhttp://www.hse.gov.uk/research/rrpdf/rr308.pdf
=852  41$aBritish Library$bHMNTS$jDigital store
=985  \\$aCOBSI record
=CAT  \\$aBATCH-SURR$b00$c20091015$lBLL01$h1133
=CAT  \\$aBATCH$b00$c20091015$lBLL01$h1135
=CAT  \\$aBATCH-UPD$b00$c20091015$lBLL01$h1322
=CAT  \\$a11306$b40$c20091027$lBLL01$h1115
=CAT  \\$a7332$b40$c20100202$lBLL01$h0804
=CAT  \\$a7332$b40$c20100202$lBLL01$h0805
=CAT  \\$aBATCH-UPD$b40$c20100924$lBLL01$h2109
=CAT  \\$aBATCH-UPD$b40$c20170408$lBLL01$h1718
=CAT  \\$aW1711-1225$c20171203$lBLL01$h1035
=CAT  \\$a11249$b40$c20230316$lBLL01$h1433
=CAT  \\$a11249$b40$c20230427$lBLL01$h1602
=FIN  \\$aY$d20091015
=LKR  \\$aPAR$b013132961$lBLL01$mEthnicity, work characteristics, stress and health (PDF)$nEthnicity, work characteristics, stress and health (Print)
=SRC  \\$aCOBSI$b1bcobsi.lex
=STA  \\$aSUPPRESSED$bunable to determine reason for suppression
=LAS  \\$a11249$b40$c20230427$lBLL01$h1602

