=LDR  02505 am a2200613 a 4500
=001  015393277
=003  Uk
=005  20091203085114.0
=006  m||||||||d||||||||
=007  cr||||||||||||
=008  090129s2005\\\\enk\\\\\sb\\\o000|0\eng|\
=020  \\$a9780717629572
=020  \\$z0717629570 (Print)
=040  \\$aStDuBDS$beng$cStDuBDS
=042  \\$aukblsr
=050  \4$aRD97.6
=082  04$a617.172052$222
=100  1\$aLock, Daniel.
=245  10$aInternational review of the literature relating to the benefits of limbering up exercises at work$h[electronic resource] /$cDaniel Lock & Nick Colford.
=260  \\$aSudbury :$bHSE,$c2005.
=300  \\$a67 p. :$bdigital, PDF file.
=336  \\$atext$2rdacontent
=337  \\$acomputer$2rdamedia
=338  \\$aonline resource$2rdacarrier
=490  1\$aResearch report ;$v309
=500  \\$aTitle from PDF title page (viewed on 29 January 2009).
=500  \\$aPrepared by Human Engineering Limited for the Health and Safety Executive.
=504  \\$aIncludes bibliographical references.
=530  \\$aAlso issued in print format.
=538  \\$aMode of access: World Wide Web.
=538  \\$aSystem requirements: Adobe Acrobat Reader.
=650  \0$aOveruse injuries$xPrevention.
=650  \0$aExercise$xHealth aspects.
=650  \0$aEmployee health promotion$zJapan.
=650  \0$aEmployee health promotion$zGreat Britain.
=700  1\$aColford, Nick.
=710  1\$aGreat Britain.$bHealth and Safety Executive.
=710  2\$aHuman Engineering Limited.
=830  \0$aResearch report (Great Britain. Health and Safety Executive) ;$v309.
=852  41$aBritish Library$bHMNTS$jDigital store
=856  40$uhttp://www.hse.gov.uk/research/rrpdf/rr309.pdf
=985  \\$aCOBSI record
=CAT  \\$aBATCH-SURR$b00$c20091015$lBLL01$h1133
=CAT  \\$aBATCH$b00$c20091015$lBLL01$h1135
=CAT  \\$aBATCH-UPD$b00$c20091015$lBLL01$h1322
=CAT  \\$a7332$b40$c20091203$lBLL01$h0850
=CAT  \\$a7332$b40$c20091203$lBLL01$h0851
=CAT  \\$aW1711-1225$c20171203$lBLL01$h1035
=FIN  \\$aY$d20091015
=FMT  \\$a  BK
=LAS  \\$aW1711-1225$b00$c20171203$lBLL01$h1035
=LKR  \\$aPAR$b013168599$lBLL01$mInternational review of the literature relating to the benefits of limbering up exercises at work (PDF)$nInternational review of the literature relating to the benefits of limbering up exercises at work (Print)
=SRC  \\$aCOBSI$b1bcobsi.lex
=STA  \\$aSUPPRESSED$bunable to determine reason for suppression

