=LDR  02113 am a2200577 a 4500
=001  015393280
=003  Uk
=005  20171203130400.0
=006  m||||||||d||||||||
=007  cr||||||||||||
=008  090129s2005\\\\enk\\\\\sb\\\o000|0\eng|\
=020  \\$a9780717629602
=020  \\$a0717629600
=040  \\$aStDuBDS$beng$cStDuBDS
=042  \\$aukblsr
=050  \4$aHD7269.C45
=082  04$a363.11966$222
=100  10$aFuller, Colin.
=245  10$aBenchmarking employee supervisory processes in the chemical industry$h[electronic resource] /$cColin Fuller and Luise Vassie.
=260  \\$aSudbury :$bHSE,$c2005.
=300  \\$a75 p. :$bdigital, PDF file.
=336  \\$atext$2rdacontent
=337  \\$acomputer$2rdamedia
=338  \\$aonline resource$2rdacarrier
=490  1\$aResearch report ;$v312
=500  \\$aTitle from PDF title page (viewed on 29 January 2009).
=500  \\$aPrepared by Lucent Ltd for the Health and Safety Executive.
=504  \\$aIncludes bibliographical references.
=530  \\$aAlso issued in print format.
=538  \\$aMode of access: World Wide Web.
=538  \\$aSystem requirements: Adobe Acrobat Reader.
=650  \0$aChemical workers$xSupervision of.
=650  \0$aChemical industry$xSafety measures$xManagement.
=650  \0$aSupervision of employees.
=700  1\$aVassie, Luise H.
=710  1\$aGreat Britain.$bHealth and Safety Executive.
=710  2\$aLucent Ltd.
=830  \0$aResearch report (Great Britain. Health and Safety Executive) ;$v312.
=852  41$aBritish Library$bHMNTS$jDigital store
=856  40$uhttp://www.hse.gov.uk/research/rrpdf/rr312.pdf
=985  \\$aCOBSI record
=CAT  \\$aBATCH-SURR$b00$c20091015$lBLL01$h1133
=CAT  \\$aBATCH$b00$c20091015$lBLL01$h1135
=CAT  \\$aBATCH-UPD$b00$c20091015$lBLL01$h1322
=CAT  \\$aW1711-1225$c20171203$lBLL01$h1035
=CAT  \\$aBATCH-UPD$b00$c20171203$lBLL01$h1304
=FIN  \\$aY$d20091015
=FMT  \\$a  BK
=LAS  \\$aBATCH-UPD$b00$c20171203$lBLL01$h1304
=SRC  \\$aCOBSI$b1bcobsi.lex
=STA  \\$aSUPPRESSED$bunable to determine reason for suppression

