=LDR  02526 am a2200637 a 4500
=001  015393283
=003  Uk
=005  20091203083638.0
=006  m||||||||d||||||||
=007  cr||||||||||||
=008  090129s2005\\\\enk\\\\\sb\\\o000|0\eng|\
=020  \\$a9780717629640
=020  \\$z0717629643 (Print)
=040  \\$aStDuBDS$beng$cStDuBDS
=042  \\$aukblsr
=050  \4$aRC925.5
=082  04$a616.70019$222
=100  10$aParkes, Katharine R.
=245  10$aMusculo-skeletal disorders, mental health and the work environment$h[electronic resource] /$cKatharine R Parkes, Susan Carnell, Elly Farmer.
=260  \\$aSudbury :$bHSE,$c2005.
=300  \\$a67 p. :$bdigital, PDF file.
=336  \\$atext$2rdacontent
=337  \\$acomputer$2rdamedia
=338  \\$aonline resource$2rdacarrier
=490  1\$aResearch report ;$v316
=500  \\$aTitle from PDF title page (viewed on 29 January 2009).
=500  \\$aPrepared by University of Oxford for the Health and Safety Executive.
=504  \\$aIncludes bibliographical references.
=530  \\$aAlso issued in print format.
=538  \\$aMode of access: World Wide Web.
=538  \\$aSystem requirements: Adobe Acrobat Reader.
=650  \0$aMusculoskeletal system$xDiseases$xPsychological aspects.
=650  \0$aOccupational diseases$xPsychological aspects.
=650  \0$aJob stress$xHealth aspects.
=650  \0$aEmployees$xMental health.
=650  \0$aIndustrial hygiene.
=700  1\$aCarnell, Susan.
=700  1\$aFarmer, Elly.
=710  1\$aGreat Britain.$bHealth and Safety Executive.
=710  2\$aUniversity of Oxford.
=830  \0$aResearch report (Great Britain. Health and Safety Executive) ;$v316.
=852  41$aBritish Library$bHMNTS$jDigital store
=856  40$uhttp://www.hse.gov.uk/research/rrpdf/rr316.pdf
=985  \\$aCOBSI record
=CAT  \\$aBATCH-SURR$b00$c20091015$lBLL01$h1133
=CAT  \\$aBATCH$b00$c20091015$lBLL01$h1135
=CAT  \\$aBATCH-UPD$b00$c20091015$lBLL01$h1322
=CAT  \\$a7332$b40$c20091203$lBLL01$h0836
=CAT  \\$aBATCH-UPD$b40$c20151012$lBLL01$h0711
=CAT  \\$aW1711-1225$c20171203$lBLL01$h1035
=FIN  \\$aY$d20091015
=FMT  \\$a  BK
=LAS  \\$aW1711-1225$b00$c20171203$lBLL01$h1035
=LKR  \\$aPAR$b013133131$lBLL01$mMusculo-skeletal disorders, mental health and the work environment (PDF)$nMusculo-skeletal disorders, mental health and the work environment (Print)
=SRC  \\$aCOBSI$b1bcobsi.lex
=STA  \\$aSUPPRESSED$bunable to determine reason for suppression

