=LDR  01996 am a2200529 a 4500
=001  015393284
=003  Uk
=005  20101201112321.0
=006  m||||||||d||||||||
=007  cr||||||||||||
=008  090129s2005\\\\enk\\\\\s\\\\o000|0\eng|\
=040  \\$aStDuBDS$beng$cStDuBDS$dUk
=042  \\$aukblsr
=050  \4$aHM1101
=082  04$a302.12071241$222
=100  1\$aPorter, Cliff.
=245  10$aEvaluation of the risk education website for secondary-aged students$h[electronic resource] /$cCliff Porter.
=260  \\$aSudbury :$bHSE,$c2005.
=300  \\$a34 p. :$bdigital, PDF file.
=336  \\$atext$2rdacontent
=337  \\$acomputer$2rdamedia
=338  \\$aonline resource$2rdacarrier
=490  1\$aResearch report ;$v317
=500  \\$aTitle from PDF title page (viewed on 29 January 2009).
=500  \\$aPrepared by the University of York for the Health and Safety Executive.
=530  \\$aAlso issued in print format.
=538  \\$aMode of access: World Wide Web.
=538  \\$aSystem requirements: Adobe Acrobat Reader.
=650  \0$aRisk assessment$xStudy and teaching (Secondary)$zGreat Britain.
=650  \0$aEducational Web sites$xEvaluation.
=710  1\$aGreat Britain.$bHealth and Safety Executive.
=710  2\$aUniversity of York.
=830  \0$aResearch report (Great Britain. Health and Safety Executive) ;$v317.
=852  41$aBritish Library$bHMNTS$jDigital store
=856  40$uhttp://www.hse.gov.uk/research/rrpdf/rr317.pdf
=985  \\$aCOBSI record
=CAT  \\$aBATCH-SURR$b00$c20091015$lBLL01$h1133
=CAT  \\$aBATCH$b00$c20091015$lBLL01$h1135
=CAT  \\$aBATCH-UPD$b00$c20091015$lBLL01$h1322
=CAT  \\$a7332$b40$c20100202$lBLL01$h0821
=CAT  \\$a11249$b40$c20101201$lBLL01$h1123
=CAT  \\$aW1711-1225$c20171203$lBLL01$h1035
=FIN  \\$aY$d20091015
=FMT  \\$a  BK
=LAS  \\$aW1711-1225$b00$c20171203$lBLL01$h1035
=SRC  \\$aCOBSI$b1bcobsi.lex
=STA  \\$aSUPPRESSED$bunable to determine reason for suppression

