=LDR  02385 am a2200589 a 4500
=001  015393285
=003  Uk
=005  20100202085513.0
=006  m||||||||d||||||||
=007  cr||||||||||||
=008  090129s2005\\\\enk\\\\\sb\\\o000|0\eng|\
=020  \\$a9780717629732
=020  \\$z0717629732 (Print)
=040  \\$aStDuBDS$beng$cStDuBDS
=042  \\$aukblsr
=050  \4$aT55.3.B56
=082  04$a363.11962233819$222
=245  00$aEffect of shift schedule on offshore shiftworkers' circadian rhythms and health$h[electronic resource] /$cM.Gibbs ... [et al.].
=260  \\$aSudbury :$bHSE,$c2005.
=300  \\$a169 p. :$bdigital, PDF file.
=336  \\$atext$2rdacontent
=337  \\$acomputer$2rdamedia
=338  \\$aonline resource$2rdacarrier
=490  1\$aResearch report ;$v318
=500  \\$aTitle from PDF title page (viewed on 29 January 2009).
=500  \\$aPrepared by The University of Surrey for the Health and Safety Executive.
=504  \\$aIncludes bibliographical references.
=530  \\$aAlso issued in print format.
=538  \\$aMode of access: World Wide Web.
=538  \\$aSystem requirements: Adobe Acrobat Reader.
=650  \0$aShift systems$xPhysiological aspects.
=650  \0$aCircadian rhythms.
=650  \0$aOffshore oil industry$xEmployees$xHealth and hygiene.
=700  1\$aGibbs, Michelle A.
=710  1\$aGreat Britain.$bHealth and Safety Executive.
=710  2\$aUniversity of Surrey.
=830  \0$aResearch report (Great Britain. Health and Safety Executive) ;$v318.
=852  41$aBritish Library$bHMNTS$jDigital store
=856  40$uhttp://www.hse.gov.uk/research/rrpdf/rr318.pdf
=985  \\$aCOBSI record
=CAT  \\$aBATCH-SURR$b00$c20091015$lBLL01$h1133
=CAT  \\$aBATCH$b00$c20091015$lBLL01$h1135
=CAT  \\$aBATCH-UPD$b00$c20091015$lBLL01$h1322
=CAT  \\$a7332$b40$c20100202$lBLL01$h0854
=CAT  \\$a7332$b40$c20100202$lBLL01$h0855
=CAT  \\$aW1711-1225$c20171203$lBLL01$h1035
=FIN  \\$aY$d20091015
=FMT  \\$a  BK
=LAS  \\$aW1711-1225$b00$c20171203$lBLL01$h1035
=LKR  \\$aPAR$b013133174$lBLL01$mEffect of shift schedule on offshore shiftworkers' circadian rhythms and health (PDF)$nEffect of shift schedule on offshore shiftworkers' circadian rhythms and health (Print)
=SRC  \\$aCOBSI$b1bcobsi.lex
=STA  \\$aSUPPRESSED$bunable to determine reason for suppression

