=LDR  02660 am a2200673 a 4500
=001  015393287
=003  Uk
=005  20110303091718.0
=006  m||||||||d||||||||
=007  cr||||||||||||
=008  090129s2005\\\\enk\\\\\sb\\\o000|0\eng|\
=020  \\$a9780717629695
=020  \\$z0717629694 (Print)
=040  \\$aStDuBDS$beng$cStDuBDS$dUk
=042  \\$aukblsr
=050  \4$aTN871
=082  04$a681.7665$222
=100  10$aCampion, R. P.
=245  10$aElastomers for fluid containment in offshore oil and gas production$h[electronic resource] :$bguidelines and review /$cR.P. Campion, B. Thomson and J.A. Harris.
=260  \\$aSudbury :$bHSE,$c2005.
=300  \\$a111 p. :$bdigital, PDF file.
=336  \\$atext$2rdacontent
=337  \\$acomputer$2rdamedia
=338  \\$aonline resource$2rdacarrier
=490  1\$aResearch report ;$v320
=500  \\$aTitle from PDF title page (viewed on 29 January 2009).
=500  \\$aPrepared by MERL Ltd. for the Health and Safety Executive.
=504  \\$aIncludes bibliographical references.
=530  \\$aAlso issued in print format.
=538  \\$aMode of access: World Wide Web.
=538  \\$aSystem requirements: Adobe Acrobat Reader.
=650  \0$aElastomers$xDeterioration.
=650  \0$aHose.
=650  \0$aSealing (Technology)
=650  \0$aPetroleum$xStorage.
=650  \0$aPetroleum$xTransportation.
=700  1\$aThomson, B.,$cDr.
=700  1\$aHarris, J. A.$q(John A.),$d1955-
=710  1\$aGreat Britain.$bHealth and Safety Executive.
=710  2\$aMERL Limited.
=830  \0$aResearch report (Great Britain. Health and Safety Executive) ;$v320.
=852  41$aBritish Library$bHMNTS$jDigital store
=856  40$uhttp://www.hse.gov.uk/research/rrpdf/rr320.pdf
=985  \\$aCOBSI record
=CAT  \\$aBATCH-SURR$b00$c20091015$lBLL01$h1133
=CAT  \\$aBATCH$b00$c20091015$lBLL01$h1135
=CAT  \\$aBATCH-UPD$b00$c20091015$lBLL01$h1322
=CAT  \\$a7332$b40$c20100202$lBLL01$h0908
=CAT  \\$a7332$b40$c20100202$lBLL01$h0909
=CAT  \\$a7332$b40$c20100325$lBLL01$h1349
=CAT  \\$a7332$b40$c20110303$lBLL01$h0917
=CAT  \\$aBATCH-UPD$b40$c20151012$lBLL01$h0711
=CAT  \\$aW1711-1225$c20171203$lBLL01$h1035
=FIN  \\$aY$d20091015
=FMT  \\$a  BK
=LAS  \\$aW1711-1225$b00$c20171203$lBLL01$h1035
=LKR  \\$aPAR$b013133032$lBLL01$mElastomers for fluid containment in offshore oil and gas production guidelines and review (PDF)$nElastomers for fluid containment in offshore oil and gas production : guidelines and review (Print)
=SRC  \\$aCOBSI$b1bcobsi.lex
=STA  \\$aSUPPRESSED$bunable to determine reason for suppression

