=LDR  02579 am a2200625 a 4500
=001  015393289
=003  Uk
=005  20100202102652.0
=006  m||||||||d||||||||
=007  cr||||||||||||
=008  090129s2005\\\\enk\\\\\sb\\\o000|0\eng|\
=020  \\$a9780717629725
=020  \\$z0717629724 (Print)
=040  \\$aStDuBDS$beng$cStDuBDS
=042  \\$aukblsr
=050  \4$aT55.3.G3
=082  04$a363.1772$222
=100  1\$aAitken, R. J.
=245  10$aPerformance of organic vapour filters$h[electronic resource] :$beffects of discontinuous and multiple vapour exposures /$cR.J. Aitken and A. Apsley, M. Hemingway.
=260  \\$aSudbury :$bHSE,$c2005.
=300  \\$a43 p. :$bdigital, PDF file.
=336  \\$atext$2rdacontent
=337  \\$acomputer$2rdamedia
=338  \\$aonline resource$2rdacarrier
=490  1\$aResearch report ;$v322
=500  \\$aTitle from PDF title page (viewed on 29 January 2009).
=500  \\$aPrepared by the Institute of Occupational Medicine and the Health and Safety Laboratory for the Health and Safety Executive.
=504  \\$aIncludes bibliographical references.
=530  \\$aAlso issued in print format.
=538  \\$aMode of access: World Wide Web.
=538  \\$aSystem requirements: Adobe Acrobat Reader.
=650  \0$aBreathing apparatus.
=650  \0$aFilters and filtration.
=650  \0$aCarbon, Activated.
=650  \0$aIndustrial hygiene.
=700  1\$aApsley, A.
=700  1\$aHemingway, M.
=710  1\$aGreat Britain.$bHealth and Safety Executive.
=710  2\$aInstitute of Occupational Medicine (Edinburgh, Scotland)
=710  2\$aHealth and Safety Laboratory (Great Britain)
=830  \0$aResearch report (Great Britain. Health and Safety Executive) ;$v322.
=852  41$aBritish Library$bHMNTS$jDigital store
=856  40$uhttp://www.hse.gov.uk/research/rrpdf/rr322.pdf
=985  \\$aCOBSI record
=CAT  \\$aBATCH-SURR$b00$c20091015$lBLL01$h1133
=CAT  \\$aBATCH$b00$c20091015$lBLL01$h1135
=CAT  \\$aBATCH-UPD$b00$c20091015$lBLL01$h1322
=CAT  \\$a7332$b40$c20100202$lBLL01$h1026
=CAT  \\$aW1711-1225$c20171203$lBLL01$h1035
=FIN  \\$aY$d20091015
=FMT  \\$a  BK
=LAS  \\$aW1711-1225$b00$c20171203$lBLL01$h1035
=LKR  \\$aPAR$b013197156$lBLL01$mPerformance of organic vapour filters effects of discontinuous and multiple vapour exposures (PDF)$nPerformance of organic vapour filters : effects of discontinuous and multiple vapour exposures (Print)
=SRC  \\$aCOBSI$b1bcobsi.lex
=STA  \\$aSUPPRESSED$bunable to determine reason for suppression

