=LDR  02425 am a2200649 a 4500
=001  015393291
=003  Uk
=005  20110303082736.0
=006  m||||||||d||||||||
=007  cr||||||||||||
=008  090129s2005\\\\enk\\\\\sb\\\o000|0\eng|\
=020  \\$a9780717629848
=020  \\$z0717629848 (Print)
=040  \\$aStDuBDS$beng$cStDuBDS
=042  \\$aukblsr
=050  \4$aVM163
=082  04$a623.8172$222
=100  1\$aXu, Li.
=245  10$aWave slap loading on FPSO bows$h[electronic resource] /$cLi Xu and Nigel Barltrop.
=260  \\$aSudbury :$bHSE,$c2005.
=300  \\$a158 p. :$bdigital, PDF file.
=336  \\$atext$2rdacontent
=337  \\$acomputer$2rdamedia
=338  \\$aonline resource$2rdacarrier
=490  1\$aResearch report ;$v324
=500  \\$aTitle from PDF title page (viewed on 29 January 2009).
=500  \\$aPrepared by Universities of Glasgow and Strathclyde for the Health and Safety Executive.
=504  \\$aIncludes bibliographical references.
=530  \\$aAlso issued in print format.
=538  \\$aMode of access: World Wide Web.
=538  \\$aSystem requirements: Adobe Acrobat Reader.
=650  \0$aShips$xHydrodynamics.
=650  \0$aOffshore support vessels.
=650  \0$aOcean waves$xMathematical models.
=650  \0$aImpact.
=700  1\$aBarltrop, N. D. P.$q(Nigel D. P.).
=710  1\$aGreat Britain.$bHealth and Safety Executive.
=710  2\$aUniversity of Glasgow.
=710  2\$aUniversity of Strathclyde.
=830  \0$aResearch report (Great Britain. Health and Safety Executive) ;$v324.
=852  41$aBritish Library$bHMNTS$jDigital store
=856  40$uhttp://www.hse.gov.uk/research/rrpdf/rr324.pdf
=985  \\$aCOBSI record
=CAT  \\$aBATCH-SURR$b00$c20091015$lBLL01$h1133
=CAT  \\$aBATCH$b00$c20091015$lBLL01$h1135
=CAT  \\$aBATCH-UPD$b00$c20091015$lBLL01$h1322
=CAT  \\$a7332$b40$c20100111$lBLL01$h1520
=CAT  \\$a7332$b40$c20100111$lBLL01$h1521
=CAT  \\$a7332$b40$c20110303$lBLL01$h0827
=CAT  \\$aW1711-1225$c20171203$lBLL01$h1035
=CAT  \\$aBATCH-UPD$b00$c20171203$lBLL01$h1304
=FIN  \\$aY$d20091015
=FMT  \\$a  BK
=LAS  \\$aBATCH-UPD$b00$c20171203$lBLL01$h1304
=LKR  \\$aPAR$b013177407$lBLL01$mWave slap loading on FPSO bows (PDF)$nWave slap loading on FPSO bows (Print)
=SRC  \\$aCOBSI$b1bcobsi.lex
=STA  \\$aSUPPRESSED$bunable to determine reason for suppression

