=LDR  01785 am a2200505 a 4500
=001  015393293
=003  Uk
=005  20171203103500.0
=006  m||||||||d||||||||
=007  cr||||||||||||
=008  090130s2005\\\\enk\\\\\s\\\\o000|0\eng|\
=020  \\$a9780717629855
=020  \\$a0717629856
=040  \\$aStDuBDS$beng$cStDuBDS
=042  \\$aukblsr
=050  \4$aTC1665
=082  04$a627.980287$222
=245  00$aCost effective structural monitoring$h[electronic resource] :$ban acoustic method, phase IIb /$cMecon Ltd.
=260  \\$aSudbury :$bHSE,$c2005.
=300  \\$a44 p. :$bdigital, PDF file.
=336  \\$atext$2rdacontent
=337  \\$acomputer$2rdamedia
=338  \\$aonline resource$2rdacarrier
=490  1\$aResearch report ;$v326
=500  \\$aTitle from PDF title page (viewed on 30 January 2009).
=530  \\$aAlso issued in print format.
=538  \\$aMode of access: World Wide Web.
=538  \\$aSystem requirements: Adobe Acrobat Reader.
=650  \0$aOffshore structures$xInspection.
=650  \0$aAcoustic emission testing.
=710  1\$aGreat Britain.$bHealth and Safety Executive.
=710  2\$aMecon Limited.
=830  \0$aResearch report (Great Britain. Health and Safety Executive) ;$v326.
=852  41$aBritish Library$bHMNTS$jDigital store
=856  40$uhttp://www.hse.gov.uk/research/rrpdf/rr326.pdf
=985  \\$aCOBSI record
=CAT  \\$aBATCH-SURR$b00$c20091015$lBLL01$h1133
=CAT  \\$aBATCH$b00$c20091015$lBLL01$h1135
=CAT  \\$aBATCH-UPD$b00$c20091015$lBLL01$h1322
=CAT  \\$aW1711-1225$c20171203$lBLL01$h1035
=FIN  \\$aY$d20091015
=FMT  \\$a  BK
=LAS  \\$aW1711-1225$b00$c20171203$lBLL01$h1035
=SRC  \\$aCOBSI$b1bcobsi.lex
=STA  \\$aSUPPRESSED$bunable to determine reason for suppression

