=LDR  02571 am a2200577 a 4500
=001  015393294
=003  Uk
=005  20100111150527.0
=006  m||||||||d||||||||
=007  cr||||||||||||
=008  090130s2005\\\\enk\\\\\s\\\\o000|0\eng|\
=020  \\$a9780717629787
=020  \\$z0717629783 (Print)
=040  \\$aStDuBDS$beng$cStDuBDS
=042  \\$aukblsr
=050  \4$aHE194.5.G7
=082  04$a363.12086$222
=100  1\$aThornley, Sally.
=245  10$aWorkplace transport problems data collecting and mining$h[electronic resource] :$bsixth report covering number and nature of calls handled from 1 August to 31st October 2004 /$cSally Thornley.
=260  \\$aSudbury :$bHSE,$c2005.
=300  \\$a15 p. :$bdigital, PDF file.
=336  \\$atext$2rdacontent
=337  \\$acomputer$2rdamedia
=338  \\$aonline resource$2rdacarrier
=490  1\$aResearch report ;$v327
=500  \\$aTitle from PDF title page (viewed on 30 January 2009).
=500  \\$aPrepared by Compliance Information Services for the Health and Safety Executive.
=530  \\$aAlso issued in print format.
=538  \\$aMode of access: World Wide Web.
=538  \\$aSystem requirements: Adobe Acrobat Reader.
=650  \0$aTransportation$xInformation services.
=650  \0$aIndustrial safety$xInformation services.
=650  \0$aHelplines$zGreat Britain.
=710  1\$aGreat Britain.$bHealth and Safety Executive.
=710  2\$aFreight Transport Association.$bCompliance Information Services.
=830  \0$aResearch report (Great Britain. Health and Safety Executive) ;$v327.
=852  41$aBritish Library$bHMNTS$jDigital store
=856  40$uhttp://www.hse.gov.uk/research/rrpdf/rr327.pdf
=985  \\$aCOBSI record
=CAT  \\$aBATCH-SURR$b00$c20091015$lBLL01$h1133
=CAT  \\$aBATCH$b00$c20091015$lBLL01$h1135
=CAT  \\$aBATCH-UPD$b00$c20091015$lBLL01$h1322
=CAT  \\$a7332$b40$c20100111$lBLL01$h1455
=CAT  \\$a7332$b40$c20100111$lBLL01$h1505
=CAT  \\$aW1711-1225$c20171203$lBLL01$h1035
=FIN  \\$aY$d20091015
=FMT  \\$a  BK
=LAS  \\$aW1711-1225$b00$c20171203$lBLL01$h1035
=LKR  \\$aPAR$b013168616$lBLL01$mWorkplace transport problems data collecting and mining sixth report covering number and nature of calls handled from 1 August to 31st October 2004 (PDF)$nWorkplace transport problems data collecting and mining : sixth report covering number and nature of calls handled from 1 August to 31st October 2004 (Print)
=SRC  \\$aCOBSI$b1bcobsi.lex
=STA  \\$aSUPPRESSED$bunable to determine reason for suppression

