=LDR  02464 am a2200589 a 4500
=001  015393295
=003  Uk
=005  20091229081436.0
=006  m||||||||d||||||||
=007  cr||||||||||||
=008  090130s2005\\\\enk\\\\\sb\\\o000|0\eng|\
=020  \\$a9780717629794
=020  \\$z0717629791
=040  \\$aStDuBDS$beng$cStDuBDS
=042  \\$aukblsr
=050  \4$aVM466.O35
=082  04$a627.9800287$222
=100  1\$aHarper, Mark F.
=245  10$aAcoustic monitoring of the hulls of Floating Production Storage and Offloading facilities (FPSOs) for corrosion and damage$h[electronic resource] /$cMark F. Harper.
=260  \\$aSudbury :$bHSE,$c2005.
=300  \\$a50 p. :$bdigital, PDF file.
=336  \\$atext$2rdacontent
=337  \\$acomputer$2rdamedia
=338  \\$aonline resource$2rdacarrier
=490  1\$aResearch report ;$v328
=500  \\$aTitle from PDF title page (viewed on 30 January 2009).
=500  \\$aPrepared by Mecon Limited for the Health and Safety Executive.
=504  \\$aIncludes bibliographical references.
=530  \\$aAlso issued in print format.
=538  \\$aMode of access: World Wide Web.
=538  \\$aSystem requirements: Adobe Acrobat Reader.
=650  \0$aAcoustic emission testing.
=650  \0$aHulls (Naval architecture)$xCorrosion.
=650  \0$aOffshore support vessels$xCorrosion.
=710  1\$aGreat Britain.$bHealth and Safety Executive.
=710  2\$aMecon Limited.
=830  \0$aResearch report (Great Britain. Health and Safety Executive) ;$v328.
=852  41$aBritish Library$bHMNTS$jDigital store
=856  40$uhttp://www.hse.gov.uk/research/rrpdf/rr328.pdf
=985  \\$aCOBSI record
=CAT  \\$aBATCH-SURR$b00$c20091015$lBLL01$h1133
=CAT  \\$aBATCH$b00$c20091015$lBLL01$h1135
=CAT  \\$aBATCH-UPD$b00$c20091015$lBLL01$h1322
=CAT  \\$a7332$b40$c20091229$lBLL01$h0813
=CAT  \\$a7332$b40$c20091229$lBLL01$h0814
=CAT  \\$aW1711-1225$c20171203$lBLL01$h1035
=FIN  \\$aY$d20091015
=FMT  \\$a  BK
=LAS  \\$aW1711-1225$b00$c20171203$lBLL01$h1035
=LKR  \\$aPAR$b013168631$lBLL01$mAcoustic monitoring of the hulls of Floating Production Storage and Offloading facilities (FPSOs) for corrosion and damage (PDF)$nAcoustic monitoring of the hulls of Floating Production Storage and Offshore facilities (FPSOs) for corrosion and damage (Print)
=SRC  \\$aCOBSI$b1bcobsi.lex
=STA  \\$aSUPPRESSED$bunable to determine reason for suppression

