=LDR  01997 am a2200517 a 4500
=001  015393296
=003  Uk
=005  20171203103500.0
=006  m||||||||d||||||||
=007  cr||||||||||||
=008  090130s2005\\\\enk\\\\\sb\\\o000|0\eng|\
=020  \\$a9780717629336
=020  \\$a0717629333
=040  \\$aStDuBDS$beng$cStDuBDS
=042  \\$aukblsr
=050  \4$aQC875.G7
=082  04$a551.651633$222
=245  02$aA co-ordinated approach to metocean activities on the UK continental shelf$h[electronic resource] /$cP.A.F.A. Consulting Engineers.
=260  \\$aSudbury :$bHSE,$c2005.
=300  \\$a98 p. :$bdigital, PDF file.
=336  \\$atext$2rdacontent
=337  \\$acomputer$2rdamedia
=338  \\$aonline resource$2rdacarrier
=490  1\$aResearch report ;$v330
=500  \\$aTitle from PDF title page (viewed on 30 January 2009).
=500  \\$aPrepared by P.A.F.A. Consulting Engineers for the United Kingdom Offshore Operators Association and the Health and Safety Executive.
=504  \\$aIncludes bibliographical references.
=530  \\$aAlso issued in print format.
=538  \\$aMode of access: World Wide Web.
=538  \\$aSystem requirements: Adobe Acrobat Reader.
=650  \0$aMarine meteorological services$zGreat Britain.
=710  1\$aGreat Britain.$bHealth and Safety Executive.
=710  2\$aPAFA Consulting Engineers.
=830  \0$aResearch report (Great Britain. Health and Safety Executive) ;$v330.
=852  41$aBritish Library$bHMNTS$jDigital store
=856  40$uhttp://www.hse.gov.uk/research/rrpdf/rr330.pdf
=985  \\$aCOBSI record
=CAT  \\$aBATCH-SURR$b00$c20091015$lBLL01$h1133
=CAT  \\$aBATCH$b00$c20091015$lBLL01$h1135
=CAT  \\$aBATCH-UPD$b00$c20091015$lBLL01$h1322
=CAT  \\$aW1711-1225$c20171203$lBLL01$h1035
=FIN  \\$aY$d20091015
=FMT  \\$a  BK
=LAS  \\$aW1711-1225$b00$c20171203$lBLL01$h1035
=SRC  \\$aCOBSI$b1bcobsi.lex
=STA  \\$aSUPPRESSED$bunable to determine reason for suppression

