=LDR  02403 am a2200589 a 4500
=001  015393297
=003  Uk
=005  20091203102611.0
=006  m||||||||d||||||||
=007  cr||||||||||||
=008  090202s2005\\\\enk\\\\\sb\\\o000|0\eng|\
=020  \\$a9780717661145
=020  \\$z0717661148 (Print)
=040  \\$aStDuBDS$beng$cStDuBDS
=042  \\$aukblsr
=050  \4$aHD7395.C5
=082  04$a604.7$222
=245  00$aEvaluation of field and laboratory effectiveness of whole body coveralls$h[electronic resource] /$cC.R. Glass ... [et al.].
=260  \\$aSudbury :$bHSE,$c2005.
=300  \\$a47 p. :$bdigital, PDF file.
=336  \\$atext$2rdacontent
=337  \\$acomputer$2rdamedia
=338  \\$aonline resource$2rdacarrier
=490  1\$aResearch report ;$v351
=500  \\$aTitle from PDF title page (viewed on 2 February 2009).
=500  \\$aPrepared by Central Science Laboratory and the Health and Safety Laboratory for the Health and Safety Executive.
=504  \\$aIncludes bibliographical references.
=530  \\$aAlso issued in print format.
=538  \\$aMode of access: World Wide Web.
=538  \\$aSystem requirements: Adobe Acrobat Reader.
=650  \0$aCoveralls$xEvaluation.
=650  \0$aProtective clothing$xEvaluation.
=700  1\$aGlass, Richard.
=710  1\$aGreat Britain.$bHealth and Safety Executive.
=710  2\$aCentral Science Laboratory (Great Britain)
=710  2\$aHealth and Safety Laboratory (Great Britain)
=830  \0$aResearch report (Great Britain. Health and Safety Executive) ;$v351.
=852  41$aBritish Library$bHMNTS$jDigital store
=856  40$uhttp://www.hse.gov.uk/research/rrpdf/rr351.pdf
=985  \\$aCOBSI record
=CAT  \\$aBATCH-SURR$b00$c20091015$lBLL01$h1133
=CAT  \\$aBATCH$b00$c20091015$lBLL01$h1135
=CAT  \\$aBATCH-UPD$b00$c20091015$lBLL01$h1322
=CAT  \\$a7332$b40$c20091203$lBLL01$h1025
=CAT  \\$a7332$b40$c20091203$lBLL01$h1026
=CAT  \\$aW1711-1225$c20171203$lBLL01$h1035
=FIN  \\$aY$d20091015
=FMT  \\$a  BK
=LAS  \\$aW1711-1225$b00$c20171203$lBLL01$h1035
=LKR  \\$aPAR$b013247557$lBLL01$mEvaluation of field and laboratory effectiveness of whole body coveralls (PDF)$nEvaluation of field and laboratory effectiveness of whole body coveralls (Print)
=SRC  \\$aCOBSI$b1bcobsi.lex
=STA  \\$aSUPPRESSED$bunable to determine reason for suppression

