=LDR  02493 am a2200589 a 4500
=001  015393298
=003  Uk
=005  20091028112118.0
=006  m||||||||d||||||||
=007  cr||||||||||||
=008  090202s2005\\\\enk\\\\\sb\\\o000|0\eng|\
=020  \\$a9780717661169
=020  \\$z0717661164 (Print)
=040  \\$aStDuBDS$beng$cStDuBDS
=042  \\$aukblsr
=050  \4$aHD7269.O34
=082  04$a363.119622338190916336$222
=100  1\$aWalker, Deborah,$d1952-
=245  10$aSupply chain issues for offshore accidents in the Southern North Sea$h[electronic resource] /$cDeborah Walker.
=260  \\$aSudbury :$bHSE,$c2005.
=300  \\$a33 p. :$bdigital, PDF file.
=336  \\$atext$2rdacontent
=337  \\$acomputer$2rdamedia
=338  \\$aonline resource$2rdacarrier
=490  1\$aResearch report ;$v352
=500  \\$aTitle from PDF title page (viewed on 2 February 2009).
=500  \\$aPrepared by The Centre for Hazard and Risk Management Loughborough University Business School for the Health and Safety Executive.
=504  \\$aIncludes bibliographical references.
=530  \\$aAlso issued in print format.
=538  \\$aMode of access: World Wide Web.
=538  \\$aSystem requirements: Adobe Acrobat Reader.
=650  \0$aOffshore oil industry$xAccidents$zNorth Sea.
=650  \0$aOffshore oil industry$zNorth Sea$xSafety measures.
=650  \0$aOffshore oil industry$xSubcontracting$zNorth Sea.
=710  1\$aGreat Britain.$bHealth and Safety Executive.
=710  2\$aLoughborough University.$bCentre for Hazard and Risk Management.
=830  \0$aResearch report (Great Britain. Health and Safety Executive) ;$v352.
=852  41$aBritish Library$bHMNTS$jDigital store
=856  40$uhttp://www.hse.gov.uk/research/rrpdf/rr352.pdf
=985  \\$aCOBSI record
=CAT  \\$aBATCH-SURR$b00$c20091015$lBLL01$h1133
=CAT  \\$aBATCH$b00$c20091015$lBLL01$h1135
=CAT  \\$aBATCH-UPD$b00$c20091015$lBLL01$h1322
=CAT  \\$a7332$b40$c20091028$lBLL01$h1120
=CAT  \\$a7332$b40$c20091028$lBLL01$h1121
=CAT  \\$aW1711-1225$c20171203$lBLL01$h1035
=FIN  \\$aY$d20091015
=FMT  \\$a  BK
=LAS  \\$aW1711-1225$b00$c20171203$lBLL01$h1035
=LKR  \\$aPAR$b013247541$lBLL01$mSupply chain issues for offshore accidents in the Southern North Sea (PDF)$nSupply chain issues for offshore accidents in the Southern North Sea (Print)
=SRC  \\$aCOBSI$b1bcobsi.lex
=STA  \\$aSUPPRESSED$bunable to determine reason for suppression

