=LDR  02247 am a2200589 a 4500
=001  015393301
=003  Uk
=005  20100622112406.0
=006  m||||||||d||||||||
=007  cr||||||||||||
=008  090203s2005\\\\enk\\\\\sb\\\o000|0\eng|\
=020  \\$a9780717661305
=020  \\$z071766130X (Print)
=040  \\$aStDuBDS$beng$cStDuBDS
=042  \\$aukblsr
=050  \4$aS565
=082  04$a363.11963$222
=100  1\$aLindsay, Joyce.
=245  10$aEvaluation of HSE's farm self assessment software$h[electronic resource] /$cJoyce Lindsay.
=260  \\$aSudbury :$bHSE,$c2005.
=300  \\$a48 p. :$bdigital, PDF file.
=336  \\$atext$2rdacontent
=337  \\$acomputer$2rdamedia
=338  \\$aonline resource$2rdacarrier
=490  1\$aResearch report ;$v355
=500  \\$aTitle from PDF title page (viewed on 3 February 2009).
=500  \\$aPrepared by Serco Assurance for the Health and Safety Executive.
=504  \\$aIncludes bibliographical references.
=530  \\$aAlso issued in print format.
=538  \\$aMode of access: World Wide Web.
=538  \\$aSystem requirements: Adobe Acrobat Reader.
=650  \0$aAgriculture$xSafety measures$xEvaluation.
=650  \0$aInternet in agriculture.
=710  1\$aGreat Britain.$bHealth and Safety Executive.
=710  2\$aSerco Assurance.
=830  \0$aResearch report (Great Britain. Health and Safety Executive) ;$v355.
=852  41$aBritish Library$bHMNTS$jDigital store
=856  40$uhttp://www.hse.gov.uk/research/rrpdf/rr355.pdf
=985  \\$aCOBSI record
=CAT  \\$aBATCH-SURR$b00$c20091015$lBLL01$h1133
=CAT  \\$aBATCH$b00$c20091015$lBLL01$h1135
=CAT  \\$aBATCH-UPD$b00$c20091015$lBLL01$h1322
=CAT  \\$a7332$b40$c20100202$lBLL01$h1053
=CAT  \\$a7332$b40$c20100202$lBLL01$h1054
=CAT  \\$a7332$b40$c20100622$lBLL01$h1124
=CAT  \\$aW1711-1225$c20171203$lBLL01$h1035
=FIN  \\$aY$d20091015
=FMT  \\$a  BK
=LAS  \\$aW1711-1225$b00$c20171203$lBLL01$h1035
=LKR  \\$aPAR$b013247698$lBLL01$mEvaluation of HSE's farm self assessment software (PDF)$nEvaluation of HSE's farm self assessment software (Print)
=SRC  \\$aCOBSI$b1bcobsi.lex
=STA  \\$aSUPPRESSED$bunable to determine reason for suppression

