=LDR  02233 am a2200565 a 4500
=001  015393304
=003  Uk
=005  20100415142727.0
=006  m||||||||d||||||||
=007  cr||||||||||||
=008  090204s2005\\\\enk\\\\\s\\\\o000|0\eng|\
=020  \\$a9780717661374
=020  \\$z0717661377 (Print)
=040  \\$aStDuBDS$beng$cStDuBDS
=042  \\$aukblsr
=050  \4$aRC86.7
=082  04$a616.0252071041$222
=100  1\$aEvans, Gareth,$d1959-
=245  10$aHSE survey of first aid training organisations$h[electronic resource] /$cGareth Evans.
=260  \\$aSudbury :$bHSE,$c2005.
=300  \\$a35 p. :$bdigital, PDF file.
=336  \\$atext$2rdacontent
=337  \\$acomputer$2rdamedia
=338  \\$aonline resource$2rdacarrier
=490  1\$aResearch report ;$v358
=500  \\$aTitle from PDF title page (viewed on 4 February 2009).
=500  \\$aPrepared by Health & Safety Laboratory for the Health and Safety Executive.
=530  \\$aAlso issued in print format.
=538  \\$aMode of access: World Wide Web.
=538  \\$aSystem requirements: Adobe Acrobat Reader.
=650  \0$aFirst aid in illness and injury$xStudy and teaching$zGreat Britain$vStatistics.
=710  1\$aGreat Britain.$bHealth and Safety Executive.
=710  2\$aHealth and Safety Laboratory (Great Britain)
=830  \0$aResearch report (Great Britain. Health and Safety Executive) ;$v358.
=852  41$aBritish Library$bHMNTS$jDigital store
=856  40$uhttp://www.hse.gov.uk/research/rrpdf/rr358.pdf
=985  \\$aCOBSI record
=CAT  \\$aBATCH-SURR$b00$c20091015$lBLL01$h1133
=CAT  \\$aBATCH$b00$c20091015$lBLL01$h1135
=CAT  \\$aBATCH-UPD$b00$c20091015$lBLL01$h1322
=CAT  \\$a7332$b40$c20100202$lBLL01$h1321
=CAT  \\$a7332$b40$c20100202$lBLL01$h1322
=CAT  \\$a7332$b40$c20100415$lBLL01$h1427
=CAT  \\$aW1711-1225$c20171203$lBLL01$h1035
=FIN  \\$aY$d20091015
=FMT  \\$a  BK
=LAS  \\$aW1711-1225$b00$c20171203$lBLL01$h1035
=LKR  \\$aPAR$b013260799$lBLL01$mHSE survey of first aid training organisations (PDF)$nHSE survey of first aid training organisations (Print)
=SRC  \\$aCOBSI$b1bcobsi.lex
=STA  \\$aSUPPRESSED$bunable to determine reason for suppression

