=LDR  01935 am a2200517 a 4500
=001  015393305
=003  Uk
=005  20171203103500.0
=006  m||||||||d||||||||
=007  cr||||||||||||
=008  090204s2005\\\\enk\\\\\sb\\\o000|0\eng|\
=020  \\$a9780717661329
=020  \\$a0717661326
=040  \\$aStDuBDS$beng$cStDuBDS
=042  \\$aukblsr
=050  \4$aHE1619.G7
=082  04$a363.1220941$222
=245  00$aLevel crossings$h[electronic resource] :$bsummary of findings and key human factors issues /$cDavis Associates Limited.
=260  \\$aSudbury :$bHSE,$c2005.
=300  \\$a157 p. :$bdigital, PDF file.
=336  \\$atext$2rdacontent
=337  \\$acomputer$2rdamedia
=338  \\$aonline resource$2rdacarrier
=490  1\$aResearch report ;$v359
=500  \\$aTitle from PDF title page (viewed on 4 February 2009).
=504  \\$aIncludes bibliographical references.
=530  \\$aAlso issued in print format.
=538  \\$aMode of access: World Wide Web.
=538  \\$aSystem requirements: Adobe Acrobat Reader.
=650  \0$aHighway-railroad grade crossings$xRisk assessment$zGreat Britain.
=650  \0$aRoads$xDesign and construction$xHuman factors$zGreat Britain.
=710  1\$aGreat Britain.$bHealth and Safety Executive.
=710  2\$aDavis Associates Limited.
=830  \0$aResearch report (Great Britain. Health and Safety Executive) ;$v359.
=852  41$aBritish Library$bHMNTS$jDigital store
=856  40$uhttp://www.hse.gov.uk/research/rrpdf/rr359.pdf
=985  \\$aCOBSI record
=CAT  \\$aBATCH-SURR$b00$c20091015$lBLL01$h1133
=CAT  \\$aBATCH$b00$c20091015$lBLL01$h1135
=CAT  \\$aBATCH-UPD$b00$c20091015$lBLL01$h1322
=CAT  \\$aW1711-1225$c20171203$lBLL01$h1035
=FIN  \\$aY$d20091015
=FMT  \\$a  BK
=LAS  \\$aW1711-1225$b00$c20171203$lBLL01$h1035
=SRC  \\$aCOBSI$b1bcobsi.lex
=STA  \\$aSUPPRESSED$bunable to determine reason for suppression

