=LDR  01973 am a2200517 a 4500
=001  015393307
=003  Uk
=005  20171203103500.0
=006  m||||||||d||||||||
=007  cr||||||||||||
=008  090204s2005\\\\enk\\\\\s\\\\o000|0\eng|\
=020  \\$a9780717661343
=020  \\$a0717661342
=040  \\$aStDuBDS$beng$cStDuBDS
=042  \\$aukblsr
=050  \4$aT55.2
=082  04$a363.110715$222
=245  00$aDevelopment of an interactive toolkit for Safe Site as part of the workplace transport priority programme$h[electronic resource] /$cAIMS Solutions Ltd.
=260  \\$aSudbury :$bHSE,$c2005.
=300  \\$a23 p. :$bdigital, PDF file.
=336  \\$atext$2rdacontent
=337  \\$acomputer$2rdamedia
=338  \\$aonline resource$2rdacarrier
=490  1\$aResearch report ;$v361
=500  \\$aTitle from PDF title page (viewed on 4 February 2009).
=530  \\$aAlso issued in print format.
=538  \\$aMode of access: World Wide Web.
=538  \\$aSystem requirements: Adobe Acrobat Reader.
=650  \0$aIndustrial sites$xSafety measures$xStudy and teaching$zGreat Britain.
=650  \0$aSafety education, Industrial$zGreat Britain.
=650  \0$aTransportation$xSafety measures$xStudy and teaching$zGreat Britain.
=710  1\$aGreat Britain.$bHealth and Safety Executive.
=710  2\$aAIMS Solutions Ltd.
=830  \0$aResearch report (Great Britain. Health and Safety Executive) ;$v361.
=852  41$aBritish Library$bHMNTS$jDigital store
=856  40$uhttp://www.hse.gov.uk/research/rrpdf/rr361.pdf
=985  \\$aCOBSI record
=CAT  \\$aBATCH-SURR$b00$c20091015$lBLL01$h1133
=CAT  \\$aBATCH$b00$c20091015$lBLL01$h1135
=CAT  \\$aBATCH-UPD$b00$c20091015$lBLL01$h1322
=CAT  \\$aW1711-1225$c20171203$lBLL01$h1035
=FIN  \\$aY$d20091015
=FMT  \\$a  BK
=LAS  \\$aW1711-1225$b00$c20171203$lBLL01$h1035
=SRC  \\$aCOBSI$b1bcobsi.lex
=STA  \\$aSUPPRESSED$bunable to determine reason for suppression

