=LDR  02191 am a2200565 a 4500
=001  015393308
=003  Uk
=005  20091202130826.0
=006  m||||||||d||||||||
=007  cr||||||||||||
=008  090205s2005\\\\enk\\\\\sb\\\o000|0\eng|\
=020  \\$a9780717661350
=020  \\$z0717661350 (Print)
=040  \\$aStDuBDS$beng$cStDuBDS
=042  \\$aukblsr
=050  \4$aHF5548.85
=082  04$a158.7208863$222
=245  00$aFarmers, farm workers and work-related stress$h[electronic resource] /$cJane Parry ... [et al.].
=260  \\$aSudbury :$bHSE,$c2005.
=300  \\$a131 p. :$bdigital, PDF file.
=336  \\$atext$2rdacontent
=337  \\$acomputer$2rdamedia
=338  \\$aonline resource$2rdacarrier
=490  1\$aResearch report ;$v362
=500  \\$aTitle from PDF title page (viewed on 5 February 2009).
=500  \\$aPrepared by Policy Studies Institute for the Health and Safety Executive.
=504  \\$aIncludes bibliographical references.
=530  \\$aAlso issued in print format.
=538  \\$aMode of access: World Wide Web.
=538  \\$aSystem requirements: Adobe Acrobat Reader.
=650  \0$aFarmers$xJob stress$zGreat Britain.
=650  \0$aAgricultural laborers$xJob stress$zGreat Britain.
=700  1\$aParry, Jane.
=710  1\$aGreat Britain.$bHealth and Safety Executive.
=710  2\$aPolicy Studies Institute.
=830  \0$aResearch report (Great Britain. Health and Safety Executive) ;$v362.
=852  41$aBritish Library$bHMNTS$jDigital store
=856  40$uhttp://www.hse.gov.uk/research/rrpdf/rr362.pdf
=985  \\$aCOBSI record
=CAT  \\$aBATCH-SURR$b00$c20091015$lBLL01$h1133
=CAT  \\$aBATCH$b00$c20091015$lBLL01$h1135
=CAT  \\$aBATCH-UPD$b00$c20091015$lBLL01$h1322
=CAT  \\$a7332$b40$c20091202$lBLL01$h1308
=CAT  \\$aW1711-1225$c20171203$lBLL01$h1035
=FIN  \\$aY$d20091015
=FMT  \\$a  BK
=LAS  \\$aW1711-1225$b00$c20171203$lBLL01$h1035
=LKR  \\$aPAR$b013260887$lBLL01$mFarmers, farm workers and work-related stress (PDF)$nFarmers, farm workers and work related stress (Print)
=SRC  \\$aCOBSI$b1bcobsi.lex
=STA  \\$aSUPPRESSED$bunable to determine reason for suppression

