=LDR  02158 am a2200565 a 4500
=001  015393309
=003  Uk
=005  20171203103500.0
=006  m||||||||d||||||||
=007  cr||||||||||||
=008  090205s2005\\\\enk\\\\\sb\\\o000|0\eng|\
=020  \\$a9780717661367
=020  \\$a0717661369
=040  \\$aStDuBDS$beng$cStDuBDS
=042  \\$aukblsr
=050  \4$aHD7261
=082  04$a658.3820941$222
=245  04$aThe role and effectiveness of safety representatives in influencing workplace health and safety$h[electronic resource] /$cDavid Walters ... [et al.].
=260  \\$aSudbury :$bHSE,$c2005.
=300  \\$a179 p. :$bdigital, PDF file.
=336  \\$atext$2rdacontent
=337  \\$acomputer$2rdamedia
=338  \\$aonline resource$2rdacarrier
=490  1\$aResearch report ;$v363
=500  \\$aTitle from PDF title page (viewed on 5 February 2009).
=500  \\$aPrepared by Cardiff University for the Health and Safety Executive.
=504  \\$aIncludes bibliographical references.
=530  \\$aAlso issued in print format.
=538  \\$aMode of access: World Wide Web.
=538  \\$aSystem requirements: Adobe Acrobat Reader.
=650  \0$aIndustrial safety$zGreat Britain$xManagement.
=650  \0$aIndustrial hygiene$zGreat Britain$xManagement.
=650  \0$aIndustrial safety committees$zGreat Britain.
=700  1\$aWalters, David,$d1950-
=710  1\$aGreat Britain.$bHealth and Safety Executive.
=710  2\$aCardiff University.
=830  \0$aResearch report (Great Britain. Health and Safety Executive) ;$v363.
=852  41$aBritish Library$bHMNTS$jDigital store
=856  40$uhttp://www.hse.gov.uk/research/rrpdf/rr363.pdf
=985  \\$aCOBSI record
=CAT  \\$aBATCH-SURR$b00$c20091015$lBLL01$h1133
=CAT  \\$aBATCH$b00$c20091015$lBLL01$h1135
=CAT  \\$aBATCH-UPD$b00$c20091015$lBLL01$h1322
=CAT  \\$aBATCH-UPD$b00$c20100924$lBLL01$h2109
=CAT  \\$aW1711-1225$c20171203$lBLL01$h1035
=FIN  \\$aY$d20091015
=FMT  \\$a  BK
=LAS  \\$aW1711-1225$b00$c20171203$lBLL01$h1035
=SRC  \\$aCOBSI$b1bcobsi.lex
=STA  \\$aSUPPRESSED$bunable to determine reason for suppression

