=LDR  02692 am a2200625 a 4500
=001  015393310
=003  Uk
=005  20091202114454.0
=006  m||||||||d||||||||
=007  cr||||||||||||
=008  090205s2005\\\\enk\\\\\sb\\\o000|0\eng|\
=020  \\$a9780717661527
=020  \\$z0717661520 (Print)
=040  \\$aStDuBDS$beng$cStDuBDS
=042  \\$aukblsr
=050  \4$aHD8039.O34
=082  04$a363.119622388190941$222
=100  10$aParkes, Katharine R.
=245  10$aOffshore sickbay consultations in relation to age, job factors, and self-reported health$h[electronic resource] /$cKatharine R. Parkes, Sarah Swash.
=260  \\$aSudbury :$bHSE,$c2005.
=300  \\$a26 p. :$bdigital, PDF file.
=336  \\$atext$2rdacontent
=337  \\$acomputer$2rdamedia
=338  \\$aonline resource$2rdacarrier
=490  1\$aResearch report ;$v364
=500  \\$aTitle from PDF title page (viewed on 5 February 2009).
=500  \\$aPrepared by Department of Experimental Psychology, the University of Oxford for the Health and Safety Executive.
=504  \\$aIncludes bibliographical references.
=530  \\$aAlso issued in print format.
=538  \\$aMode of access: World Wide Web.
=538  \\$aSystem requirements: Adobe Acrobat Reader.
=650  \0$aOffshore oil industry$xEmployees$xDiseases$zGreat Britain.
=650  \0$aOffshore oil industry$xEmployees$xHealth and hygiene$zGreat Britain.
=700  1\$aSwash, Sarah.
=710  1\$aGreat Britain.$bHealth and Safety Executive.
=710  2\$aUniversity of Oxford.$bDepartment of Experimental Psychology.
=830  \0$aResearch report (Great Britain. Health and Safety Executive) ;$v364.
=852  41$aBritish Library$bHMNTS$jDigital store
=856  40$uhttp://www.hse.gov.uk/research/rrpdf/rr364.pdf
=985  \\$aCOBSI record
=985  \\$aRecord amended for WR# 13/070
=CAT  \\$aBATCH-SURR$b00$c20091015$lBLL01$h1133
=CAT  \\$aBATCH$b00$c20091015$lBLL01$h1135
=CAT  \\$aBATCH-UPD$b00$c20091015$lBLL01$h1322
=CAT  \\$a7332$b40$c20091202$lBLL01$h1144
=CAT  \\$aWR13_070$b00$c20130504$lBLL01$h0321
=CAT  \\$aWR13_070C$c20130611$lBLL01$h1856
=CAT  \\$aBATCH-UPD$b00$c20151012$lBLL01$h0711
=CAT  \\$aW1711-1225$c20171203$lBLL01$h1035
=FIN  \\$aY$d20091015
=FMT  \\$a  BK
=LAS  \\$aW1711-1225$b00$c20171203$lBLL01$h1035
=LKR  \\$aPAR$b013273906$lBLL01$mOffshore sickbay consultations in relation to age, job factors, and self-reported health (PDF)$nOffshore sickbay consultations in relation to age, job factors, and self-reported health (Print)
=SRC  \\$aCOBSI$b1bcobsi.lex
=STA  \\$aSUPPRESSED$bunable to determine reason for suppression

