=LDR  02493 am a2200613 a 4500
=001  015393312
=003  Uk
=005  20091202114642.0
=006  m||||||||d||||||||
=007  cr||||||||||||
=008  090205s2005\\\\enk\\\\\sb\\\o000|0\eng|\
=020  \\$a9780717661435
=020  \\$z0717661431 (Print)
=040  \\$aStDuBDS$beng$cStDuBDS
=042  \\$aukblsr
=050  \4$aT55
=082  04$a363.11$222
=100  1\$aFairman, Robyn.
=245  10$aMaking an impact on SME compliance behaviour$h[electronic resource] :$ban evaluation of the effect of interventions upon compliance with health and safety legislation in small and medium sized enterprises /$cRobyn Fairman and Charlotte Yapp.
=260  \\$aSudbury :$bHSE,$c2005.
=300  \\$a113 p. :$bdigital, PDF file.
=336  \\$atext$2rdacontent
=337  \\$acomputer$2rdamedia
=338  \\$aonline resource$2rdacarrier
=490  1\$aResearch report ;$v366
=500  \\$aTitle from PDF title page (viewed on 5 February 2009).
=500  \\$aPrepared by Kings College London for the Health and Safety Executive.
=504  \\$aIncludes bibliographical references.
=530  \\$aAlso issued in print format.
=538  \\$aMode of access: World Wide Web.
=538  \\$aSystem requirements: Adobe Acrobat Reader.
=650  \0$aSafety regulations$zGreat Britain.
=650  \0$aSmall business$zGreat Britain$xSafety measures$xManagement.
=650  \0$aCompliance.
=700  1\$aYapp, Charlotte Louise.
=710  1\$aGreat Britain.$bHealth and Safety Executive.
=710  2\$aKing's College London.
=830  \0$aResearch report (Great Britain. Health and Safety Executive) ;$v366.
=852  41$aBritish Library$bHMNTS$jDigital store
=856  40$uhttp://www.hse.gov.uk/research/rrpdf/rr366.pdf
=985  \\$aCOBSI record
=CAT  \\$aBATCH-SURR$b00$c20091015$lBLL01$h1133
=CAT  \\$aBATCH$b00$c20091015$lBLL01$h1135
=CAT  \\$aBATCH-UPD$b00$c20091015$lBLL01$h1322
=CAT  \\$a7332$b40$c20091202$lBLL01$h0908
=CAT  \\$a7332$b40$c20091202$lBLL01$h1146
=CAT  \\$a11306$b40$c20091203$lBLL01$h1632
=CAT  \\$aW1711-1225$c20171203$lBLL01$h1035
=FIN  \\$aY$d20091015
=FMT  \\$a  BK
=LAS  \\$aW1711-1225$b00$c20171203$lBLL01$h1035
=LKR  \\$aPAR$b013273881$lBLL01$nMaking an impact on SME compliance behaviour (Print)$mMaking an impact on SME compliance behaviour (PDF)
=SRC  \\$aCOBSI$b1bcobsi.lex
=STA  \\$aSUPPRESSED$bunable to determine reason for suppression

