=LDR  02151 am a2200565 a 4500
=001  015393314
=003  Uk
=005  20100226152604.0
=006  m||||||||d||||||||
=007  cr||||||||||||
=008  090205s2005\\\\enk\\\\\s\\\\o000|0\eng|\
=020  \\$a9780717661459
=020  \\$z0717661458 (Print)
=040  \\$aStDuBDS$beng$cStDuBDS
=042  \\$aukblsr
=050  \4$aT55
=082  04$a363.10640941$222
=100  1\$aChegini, Al.
=245  10$aEvaluation of FOD's topic based inspection$h[electronic resource] /$cAl Chegini.
=260  \\$aSudbury :$bHSE,$c2005.
=300  \\$a141 p. :$bdigital, PDF file.
=336  \\$atext$2rdacontent
=337  \\$acomputer$2rdamedia
=338  \\$aonline resource$2rdacarrier
=490  1\$aResearch report ;$v368
=500  \\$aTitle from PDF title page (viewed on 5 February 2009).
=500  \\$aPrepared by Risk Solutions for the Health and Safety Executive.
=530  \\$aAlso issued in print format.
=538  \\$aMode of access: World Wide Web.
=538  \\$aSystem requirements: Adobe Acrobat Reader.
=610  10$aGreat Britain.$bHealth and Safety Executive.
=650  \0$aIndustrial safety$zGreat Britain$xEvaluation.
=650  \0$aIndustrial hygiene$zGreat Britain$xEvaluation.
=710  1\$aGreat Britain.$bHealth and Safety Executive.
=710  2\$aRiskSol Consulting.
=830  \0$aResearch report (Great Britain. Health and Safety Executive) ;$v368.
=852  41$aBritish Library$bHMNTS$jDigital store
=856  40$uhttp://www.hse.gov.uk/research/rrpdf/rr368.pdf
=985  \\$aCOBSI record
=CAT  \\$aBATCH-SURR$b00$c20091015$lBLL01$h1133
=CAT  \\$aBATCH$b00$c20091015$lBLL01$h1135
=CAT  \\$aBATCH-UPD$b00$c20091015$lBLL01$h1322
=CAT  \\$a7332$b40$c20100226$lBLL01$h1526
=CAT  \\$aW1711-1225$c20171203$lBLL01$h1035
=FIN  \\$aY$d20091015
=FMT  \\$a  BK
=LAS  \\$aW1711-1225$b00$c20171203$lBLL01$h1035
=LKR  \\$aPAR$b013319457$lBLL01$mEvaluation of FOD's topic based inspection$nEvaluation of FOD's topic based inspection /
=SRC  \\$aCOBSI$b1bcobsi.lex
=STA  \\$aSUPPRESSED$bunable to determine reason for suppression

