=LDR  02430 am a2200601 a 4500
=001  015393315
=003  Uk
=005  20100305083820.0
=006  m||||||||d||||||||
=007  cr||||||||||||
=008  090205s2005\\\\enk\\\\\sb\\\o000|0\eng|\
=020  \\$a9780717661466
=020  \\$z0717661466 (Print)
=040  \\$aStDuBDS$beng$cStDuBDS
=042  \\$aukblsr
=050  \4$aTA654.7
=082  04$a604.7$222
=100  1\$aBerg, A. C. van den.
=245  10$aResearch to improve guidance on separation distance for the multi-energy method (RIGOS)$h[electronic resource] /$cA.C. van den Berg, A.L. Mos.
=260  \\$aSudbury :$bHSE,$c2005.
=300  \\$a80 p. :$bdigital, PDF file.
=336  \\$atext$2rdacontent
=337  \\$acomputer$2rdamedia
=338  \\$aonline resource$2rdacarrier
=490  1\$aResearch report ;$v369
=500  \\$aTitle from PDF title page (viewed on 5 February 2009).
=500  \\$aPrepared by TNO Prins Maurits Laboratory for the Health and Safety Executive.
=504  \\$aIncludes bibliographical references.
=530  \\$aAlso issued in print format.
=538  \\$aMode of access: World Wide Web.
=538  \\$aSystem requirements: Adobe Acrobat Reader.
=650  \0$aBlast effect$xMathematical models.
=650  \0$aExplosions$xMathematical models.
=650  \0$aExplosions$xSafety measures.
=700  1\$aMos, A. L.
=710  1\$aGreat Britain.$bHealth and Safety Executive.
=710  2\$aTNO Prins Maurits Laboratory.
=830  \0$aResearch report (Great Britain. Health and Safety Executive) ;$v369.
=852  41$aBritish Library$bHMNTS$jDigital store
=856  40$uhttp://www.hse.gov.uk/research/rrpdf/rr369.pdf
=985  \\$aCOBSI record
=CAT  \\$aBATCH-SURR$b00$c20091015$lBLL01$h1133
=CAT  \\$aBATCH$b00$c20091015$lBLL01$h1135
=CAT  \\$aBATCH-UPD$b00$c20091015$lBLL01$h1322
=CAT  \\$a7332$b40$c20100305$lBLL01$h0833
=CAT  \\$a7332$b40$c20100305$lBLL01$h0838
=CAT  \\$aW1711-1225$c20171203$lBLL01$h1035
=FIN  \\$aY$d20091015
=FMT  \\$a  BK
=LAS  \\$aW1711-1225$b00$c20171203$lBLL01$h1035
=LKR  \\$aPAR$b013273744$lBLL01$mResearch to improve guidance on separation distance for the multi-energy method (RIGOS) (PDF)$nResearch to improve guidance on separation distance for the multi-energy method (RIGOS) (Print)
=SRC  \\$aCOBSI$b1bcobsi.lex
=STA  \\$aSUPPRESSED$bunable to determine reason for suppression

