=LDR  01997 am a2200517 a 4500
=001  015393316
=003  Uk
=005  20171203103500.0
=006  m||||||||d||||||||
=007  cr||||||||||||
=008  090205s2005\\\\enk\\\\\sb\\\o000|0\eng|\
=040  \\$aStDuBDS$beng$cStDuBDS
=042  \\$aukblsr
=050  \4$aRC965.A5
=082  04$a363.119630941$222
=245  00$aBaseline incidence of ill health in agriculture in Great Britain$h[electronic resource] /$cHilary A. Cowie ... [et al.].
=260  \\$aSudbury :$bHSE,$c2005.
=300  \\$a88 p. :$bdigital, PDF file.
=336  \\$atext$2rdacontent
=337  \\$acomputer$2rdamedia
=338  \\$aonline resource$2rdacarrier
=490  1\$aResearch report ;$v370
=500  \\$aTitle from PDF title page (viewed on 5 February 2009).
=500  \\$aPrepared by the Institute of Occupational Medicine for the Health and Safety Executive.
=504  \\$aIncludes bibliographical references.
=530  \\$aAlso issued in print format.
=538  \\$aMode of access: World Wide Web.
=538  \\$aSystem requirements: Adobe Acrobat Reader.
=650  \0$aFarmers$xDiseases$zGreat Britain.
=650  \0$aAgricultural laborers$xDiseases$zGreat Britain.
=700  1\$aCowie, H. A.
=710  1\$aGreat Britain.$bHealth and Safety Executive.
=710  2\$aInstitute of Occupational Medicine (Edinburgh, Scotland)
=830  \0$aResearch report (Great Britain. Health and Safety Executive) ;$v370.
=852  41$aBritish Library$bHMNTS$jDigital store
=856  40$uhttp://www.hse.gov.uk/research/rrpdf/rr370.pdf
=985  \\$aCOBSI record
=CAT  \\$aBATCH-SURR$b00$c20091015$lBLL01$h1133
=CAT  \\$aBATCH$b00$c20091015$lBLL01$h1135
=CAT  \\$aBATCH-UPD$b00$c20091015$lBLL01$h1322
=CAT  \\$aW1711-1225$c20171203$lBLL01$h1035
=FIN  \\$aY$d20091015
=FMT  \\$a  BK
=LAS  \\$aW1711-1225$b00$c20171203$lBLL01$h1035
=SRC  \\$aCOBSI$b1bcobsi.lex
=STA  \\$aSUPPRESSED$bunable to determine reason for suppression

