=LDR  01999 am a2200541 a 4500
=001  015393317
=003  Uk
=005  20171203103500.0
=006  m||||||||d||||||||
=007  cr||||||||||||
=008  090205s2005\\\\enk\\\\\s\\\\o000|0\eng|\
=020  \\$a9780717661480
=020  \\$a0717661482
=040  \\$aStDuBDS$beng$cStDuBDS
=042  \\$aukblsr
=050  \4$aVM466.O35
=082  04$a623.8887$222
=100  1\$aPike, R. D.
=245  10$aImproving the performance of rescue craft used for rescue and recovery in support of the oil and gas industry$h[electronic resource] /$cR.D. Pike.
=260  \\$aSudbury :$bHSE,$c2005.
=300  \\$a56 p. :$bdigital, PDF file.
=336  \\$atext$2rdacontent
=337  \\$acomputer$2rdamedia
=338  \\$aonline resource$2rdacarrier
=490  1\$aResearch report ;$v371
=500  \\$aTitle from PDF title page (viewed on 5 February 2009).
=500  \\$aPrepared by Dag Pike Associates for the Health and Safety Executive.
=530  \\$aAlso issued in print format.
=538  \\$aMode of access: World Wide Web.
=538  \\$aSystem requirements: Adobe Acrobat Reader.
=650  \0$aOffshore support vessels.
=650  \0$aSearch and rescue boats.
=650  \0$aSearch and rescue operations$xSafety measures.
=710  1\$aGreat Britain.$bHealth and Safety Executive.
=710  2\$aDag Pike Associates.
=830  \0$aResearch report (Great Britain. Health and Safety Executive) ;$v371.
=852  41$aBritish Library$bHMNTS$jDigital store
=856  40$uhttp://www.hse.gov.uk/research/rrpdf/rr371.pdf
=985  \\$aCOBSI record
=CAT  \\$aBATCH-SURR$b00$c20091015$lBLL01$h1133
=CAT  \\$aBATCH$b00$c20091015$lBLL01$h1135
=CAT  \\$aBATCH-UPD$b00$c20091015$lBLL01$h1322
=CAT  \\$aW1711-1225$c20171203$lBLL01$h1035
=FIN  \\$aY$d20091015
=FMT  \\$a  BK
=LAS  \\$aW1711-1225$b00$c20171203$lBLL01$h1035
=SRC  \\$aCOBSI$b1bcobsi.lex
=STA  \\$aSUPPRESSED$bunable to determine reason for suppression

