=LDR  02375 am a2200577 a 4500
=001  015393318
=003  Uk
=005  20100305090557.0
=006  m||||||||d||||||||
=007  cr||||||||||||
=008  090205s2005\\\\enk\\\\\sb\\\o000|0\eng|\
=020  \\$a9780717661497
=020  \\$z0717661490 (Print)
=040  \\$aStDuBDS$beng$cStDuBDS
=042  \\$aukblsr
=050  \4$aRC965.P8
=082  04$a363.1196862$222
=100  1\$aBrown, Terry,$d1960-
=245  10$aDerivation of baseline data for incidence of skin disease amongst printers$h[electronic resource] /$cTerry Brown and Lesley Rushton.
=260  \\$aSudbury :$bHSE,$c2005.
=300  \\$a25 p. :$bdigital, PDF file.
=336  \\$atext$2rdacontent
=337  \\$acomputer$2rdamedia
=338  \\$aonline resource$2rdacarrier
=490  1\$aResearch report ;$v372
=500  \\$aTitle from PDF title page (viewed on 5 February 2009).
=500  \\$aPrepared by MRC Institute for Environment and Health for the Health and Safety Executive.
=504  \\$aIncludes bibliographical references.
=530  \\$aAlso issued in print format.
=538  \\$aMode of access: World Wide Web.
=538  \\$aSystem requirements: Adobe Acrobat Reader.
=650  \0$aPrinters$xDiseases$zGreat Britain.
=650  \0$aSkin$xDiseases$zGreat Britain.
=700  1\$aRushton, Lesley.
=710  1\$aGreat Britain.$bHealth and Safety Executive.
=710  2\$aMedical Research Council (Great Britain).$bInstitute for Environment and Health.
=830  \0$aResearch report (Great Britain. Health and Safety Executive) ;$v372.
=852  41$aBritish Library$bHMNTS$jDigital store
=856  40$uhttp://www.hse.gov.uk/research/rrpdf/rr372.pdf
=985  \\$aCOBSI record
=CAT  \\$aBATCH-SURR$b00$c20091015$lBLL01$h1133
=CAT  \\$aBATCH$b00$c20091015$lBLL01$h1135
=CAT  \\$aBATCH-UPD$b00$c20091015$lBLL01$h1322
=CAT  \\$a7332$b40$c20100305$lBLL01$h0905
=CAT  \\$aW1711-1225$c20171203$lBLL01$h1035
=FIN  \\$aY$d20091015
=FMT  \\$a  BK
=LAS  \\$aW1711-1225$b00$c20171203$lBLL01$h1035
=LKR  \\$aPAR$b013273703$lBLL01$mDerivation of baseline data for incidence of skin disease amongst printers (PDF)$nDerivation of baseline data for incidence of skin disease amongst printers (Print)
=SRC  \\$aCOBSI$b1bcobsi.lex
=STA  \\$aSUPPRESSED$bunable to determine reason for suppression

