=LDR  02326 am a2200553 a 4500
=001  015393319
=003  Uk
=005  20100305100420.0
=006  m||||||||d||||||||
=007  cr||||||||||||
=008  090206s2005\\\\enk\\\\\sb\\\o000|0\eng|\
=020  \\$a9780717661503
=020  \\$z0717661504 (Print)
=040  \\$aStDuBDS$beng$cStDuBDS
=042  \\$aukblsr
=050  \4$aRA1229
=082  04$a363.1763015195$222
=100  1\$aThompson, John M.,$cDr.
=245  10$aDevelopment of statistical approaches to the handling and analysing of large occupational data sets$h[electronic resource] /$cJohn M. Thompson.
=260  \\$aSudbury :$bHSE,$c2005.
=300  \\$a47 p. :$bdigital, PDF file.
=336  \\$atext$2rdacontent
=337  \\$acomputer$2rdamedia
=338  \\$aonline resource$2rdacarrier
=490  1\$aResearch report ;$v373
=500  \\$aTitle from PDF title page (viewed on 6 February 2009).
=504  \\$aIncludes bibliographical references.
=530  \\$aAlso issued in print format.
=538  \\$aMode of access: World Wide Web.
=538  \\$aSystem requirements: Adobe Acrobat Reader.
=650  \0$aHazardous substances$xDatabases$xStatistical methods.
=650  \0$aIndustrial toxicology$xDatabases$xStatistical methods.
=650  \0$aThreshold limit values (Industrial toxicology)$zGreat Britain.
=710  1\$aGreat Britain.$bHealth and Safety Executive.
=830  \0$aResearch report (Great Britain. Health and Safety Executive) ;$v373.
=852  41$aBritish Library$bHMNTS$jDigital store
=856  40$uhttp://www.hse.gov.uk/research/rrpdf/rr373.pdf
=985  \\$aCOBSI record
=CAT  \\$aBATCH-SURR$b00$c20091015$lBLL01$h1133
=CAT  \\$aBATCH$b00$c20091015$lBLL01$h1135
=CAT  \\$aBATCH-UPD$b00$c20091015$lBLL01$h1322
=CAT  \\$a7332$b40$c20100305$lBLL01$h1004
=CAT  \\$aW1711-1225$c20171203$lBLL01$h1035
=FIN  \\$aY$d20091015
=FMT  \\$a  BK
=LAS  \\$aW1711-1225$b00$c20171203$lBLL01$h1035
=LKR  \\$aPAR$b013273725$lBLL01$mDevelopment of statistical approaches to the handling and analysing of large occupational data sets (PDF)$nDevelopment of statistical approaches to the handling and analysing of large occupational data sets (Print)
=SRC  \\$aCOBSI$b1bcobsi.lex
=STA  \\$aSUPPRESSED$bunable to determine reason for suppression

