=LDR  02565 am a2200601 a 4500
=001  015393320
=003  Uk
=005  20110310101917.0
=006  m||||||||d||||||||
=007  cr||||||||||||
=008  090206s2005\\\\enk\\\\\sb\\\o000|0\eng|\
=020  \\$a9780717661510
=020  \\$z0717661512 (Print)
=040  \\$aStDuBDS$beng$cStDuBDS
=042  \\$aukblsr
=050  \4$aTS233
=082  04$a363.1196712$222
=100  1\$aWells, D.,$cBSc.
=245  10$aEvaluating the effectiveness of legislation, technology and working methods for reducing occupational exposure in the foundry industry$h[electronic resource] /$cD. Wells, A. Greenall.
=260  \\$aSudbury :$bHSE,$c2005.
=300  \\$a100 p. :$bdigital, PDF file.
=336  \\$atext$2rdacontent
=337  \\$acomputer$2rdamedia
=338  \\$aonline resource$2rdacarrier
=490  1\$aResearch report ;$v374
=500  \\$aTitle from PDF title page (viewed on 6 February 2009).
=500  \\$aPrepared by for the Health and Safety Executive.
=504  \\$aIncludes bibliographical references.
=530  \\$aAlso issued in print format.
=538  \\$aMode of access: World Wide Web.
=538  \\$aSystem requirements: Adobe Acrobat Reader.
=650  \0$aFoundries$xSafety measures$xEvaluation.
=650  \0$aFoundry workers$xHealth and hygiene$xHistory.
=700  1\$aGreenall, A.
=710  1\$aGreat Britain.$bHealth and Safety Executive.
=710  2\$aCastings Technology International.
=830  \0$aResearch report (Great Britain. Health and Safety Executive) ;$v374.
=852  41$aBritish Library$bHMNTS$jDigital store
=856  40$uhttp://www.hse.gov.uk/research/rrpdf/rr374.pdf
=985  \\$aCOBSI record
=CAT  \\$aBATCH-SURR$b00$c20091015$lBLL01$h1133
=CAT  \\$aBATCH$b00$c20091015$lBLL01$h1135
=CAT  \\$aBATCH-UPD$b00$c20091015$lBLL01$h1322
=CAT  \\$a7332$b40$c20100323$lBLL01$h1343
=CAT  \\$a7332$b40$c20100323$lBLL01$h1344
=CAT  \\$a7332$b40$c20110310$lBLL01$h1019
=CAT  \\$aW1711-1225$c20171203$lBLL01$h1035
=FIN  \\$aY$d20091015
=FMT  \\$a  BK
=LAS  \\$aW1711-1225$b00$c20171203$lBLL01$h1035
=LKR  \\$aPAR$b013273720$lBLL01$mEvaluating the effectiveness of legislation, technology and working methods for reducing occupational exposure in the foundry industry (PDF)$nEvaluating the effectiveness of legislation, technology and working methods for reducing occupational exposure in the foundry industry (Print)
=SRC  \\$aCOBSI$b1bcobsi.lex
=STA  \\$aSUPPRESSED$bunable to determine reason for suppression

