=LDR  02135 am a2200553 a 4500
=001  015393322
=003  Uk
=005  20100305112500.0
=006  m||||||||d||||||||
=007  cr||||||||||||
=008  090206s2006\\\\enk\\\\\sb\\\o000|0\eng|\
=040  \\$aStDuBDS$beng$cStDuBDS
=042  \\$aukblsr
=050  \4$aHD8039.O34
=082  04$a363.11962238819$222
=100  10$aMearns, Kathryn.
=245  10$aHealth and well-being in the offshore environment$h[electronic resource] :$bthe role of the organisational support /$cKathryn Mearns, Lorraine Hope & Tom Reader.
=260  \\$aSudbury :$bHSE,$c2006.
=300  \\$a114 p. :$bdigital, PDF file.
=336  \\$atext$2rdacontent
=337  \\$acomputer$2rdamedia
=338  \\$aonline resource$2rdacarrier
=490  1\$aResearch report ;$v376
=500  \\$aTitle from PDF title page (viewed on 6 February 2009).
=500  \\$aPrepared by the University of Aberdeen for the Health and Safety Executive.
=504  \\$aIncludes bibliographical references.
=530  \\$aAlso issued in print format.
=538  \\$aMode of access: World Wide Web.
=538  \\$aSystem requirements: Adobe Acrobat Reader.
=650  \0$aOffshore oil industry$xEmployees$xHealth and hygiene$zGreat Britain.
=700  1\$aHope, Lorraine.
=700  1\$aReader, Tom.
=710  1\$aGreat Britain.$bHealth and Safety Executive.
=710  2\$aUniversity of Aberdeen.
=830  \0$aResearch report (Great Britain. Health and Safety Executive) ;$v376.
=852  41$aBritish Library$bHMNTS$jDigital store
=856  40$uhttp://www.hse.gov.uk/research/rrpdf/rr376.pdf
=985  \\$aCOBSI record
=CAT  \\$aBATCH-SURR$b00$c20091015$lBLL01$h1133
=CAT  \\$aBATCH$b00$c20091015$lBLL01$h1135
=CAT  \\$aBATCH-UPD$b00$c20091015$lBLL01$h1322
=CAT  \\$a7332$b40$c20100305$lBLL01$h1125
=CAT  \\$aBATCH-UPD$b40$c20150813$lBLL01$h2113
=CAT  \\$aW1711-1225$c20171203$lBLL01$h1035
=FIN  \\$aY$d20091015
=FMT  \\$a  BK
=LAS  \\$aW1711-1225$b00$c20171203$lBLL01$h1035
=SRC  \\$aCOBSI$b1bcobsi.lex
=STA  \\$aSUPPRESSED$bunable to determine reason for suppression

