=LDR  02416 am a2200601 a 4500
=001  015393323
=003  Uk
=005  20100305105753.0
=006  m||||||||d||||||||
=007  cr||||||||||||
=008  090206s2005\\\\enk\\\\\sb\\\o000|0\eng|\
=020  \\$a9780717661558
=020  \\$z0717661555 (Print)
=040  \\$aStDuBDS$beng$cStDuBDS
=042  \\$aukblsr
=050  \4$aRC965.C75
=082  04$a363.1196241520941$222
=100  1\$aToward, M. G. R.
=245  10$aEvaluation of whole-body vibration exposures in British industry$h[electronic resource] /$cM.G.R. Toward, T.P. Gunston, M.J. Griffin.
=260  \\$aSudbury :$bHSE,$c2005.
=300  \\$a91 p. :$bdigital, PDF file.
=336  \\$atext$2rdacontent
=337  \\$acomputer$2rdamedia
=338  \\$aonline resource$2rdacarrier
=490  1\$aResearch report ;$v377
=500  \\$aTitle from PDF title page (viewed on 6 February 2009).
=500  \\$aPrepared by the University of Southampton for the Health and Safety Executive.
=504  \\$aIncludes bibliographical references.
=530  \\$aAlso issued in print format.
=538  \\$aMode of access: World Wide Web.
=538  \\$aSystem requirements: Adobe Acrobat Reader.
=650  \0$aExcavating machinery$xVibration.
=650  \0$aVibration$xPhysiological effect.
=650  \0$aConstruction equipment operators$xHealth and hygiene$zGreat Britain.
=700  1\$aGunston, Thomas Peter.
=700  1\$aGriffin, M. J.
=710  1\$aGreat Britain.$bHealth and Safety Executive.
=710  2\$aUniversity of Southampton.
=830  \0$aResearch report (Great Britain. Health and Safety Executive) ;$v377.
=852  41$aBritish Library$bHMNTS$jDigital store
=856  40$uhttp://www.hse.gov.uk/research/rrpdf/rr377.pdf
=985  \\$aCOBSI record
=CAT  \\$aBATCH-SURR$b00$c20091015$lBLL01$h1133
=CAT  \\$aBATCH$b00$c20091015$lBLL01$h1135
=CAT  \\$aBATCH-UPD$b00$c20091015$lBLL01$h1322
=CAT  \\$a7332$b40$c20100305$lBLL01$h1057
=CAT  \\$aW1711-1225$c20171203$lBLL01$h1035
=FIN  \\$aY$d20091015
=FMT  \\$a  BK
=LAS  \\$aW1711-1225$b00$c20171203$lBLL01$h1035
=LKR  \\$aPAR$b013378196$lBLL01$mEvaluation of whole-body vibration exposures in British industry (PDF)$nEvaluation of whole-body vibration exposures in British industry (Print)
=SRC  \\$aCOBSI$b1bcobsi.lex
=STA  \\$aSUPPRESSED$bunable to determine reason for suppression

