=LDR  02430 am a2200601 a 4500
=001  015393324
=003  Uk
=005  20100111140443.0
=006  m||||||||d||||||||
=007  cr||||||||||||
=008  090206s2005\\\\enk\\\\\sb\\\o000|0\eng|\
=020  \\$a9780717661565
=020  \\$z0717661563 (Print)
=040  \\$aStDuBDS$beng$cStDuBDS
=042  \\$aukblsr
=050  \4$aQH442.6
=082  04$a660.65$222
=100  1\$aPhillipson, Belinda.
=245  10$aContainment of GM plant viruses being developed as gene technology vectors$h[electronic resource] /$cBelinda Phillipson, Rebecca Weekes.
=260  \\$aSudbury :$bHSE,$c2005.
=300  \\$a38 p. :$bdigital, PDF file.
=336  \\$atext$2rdacontent
=337  \\$acomputer$2rdamedia
=338  \\$aonline resource$2rdacarrier
=490  1\$aResearch report ;$v378
=500  \\$aTitle from PDF title page (viewed on 6 February 2009).
=500  \\$aPrepared by Central Science Laboratory for the Health and Safety Executive.
=504  \\$aIncludes bibliographical references.
=530  \\$aAlso issued in print format.
=538  \\$aMode of access: World Wide Web.
=538  \\$aSystem requirements: Adobe Acrobat Reader.
=650  \0$aPlant viruses$xSafety measures.
=650  \0$aTransgenic organisms$xSafety measures.
=650  \0$aVirus diseases of plants$xTransmission.
=700  1\$aWeekes, Rebecca.
=710  1\$aGreat Britain.$bHealth and Safety Executive.
=710  2\$aCentral Science Laboratory (Great Britain)
=830  \0$aResearch report (Great Britain. Health and Safety Executive) ;$v378.
=852  41$aBritish Library$bHMNTS$jDigital store
=856  40$uhttp://www.hse.gov.uk/research/rrpdf/rr378.pdf
=985  \\$aCOBSI record
=CAT  \\$aBATCH-SURR$b00$c20091015$lBLL01$h1133
=CAT  \\$aBATCH$b00$c20091015$lBLL01$h1135
=CAT  \\$aBATCH-UPD$b00$c20091015$lBLL01$h1322
=CAT  \\$a7332$b40$c20100111$lBLL01$h1356
=CAT  \\$a7332$b40$c20100111$lBLL01$h1404
=CAT  \\$aW1711-1225$c20171203$lBLL01$h1035
=FIN  \\$aY$d20091015
=FMT  \\$a  BK
=LAS  \\$aW1711-1225$b00$c20171203$lBLL01$h1035
=LKR  \\$aPAR$b013358401$lBLL01$mContainment of GM plant viruses being developed as gene technology vectors (PDF)$nContainment of GM plant viruses being developed as gene technology vectors (Print)
=SRC  \\$aCOBSI$b1bcobsi.lex
=STA  \\$aSUPPRESSED$bunable to determine reason for suppression

