=LDR  02136 am a2200565 a 4500
=001  015393325
=003  Uk
=005  20100111134546.0
=006  m||||||||d||||||||
=007  cr||||||||||||
=008  090206s2005\\\\enk\\\\\sb\\\o000|0\eng|\
=040  \\$aStDuBDS$beng$cStDuBDS
=042  \\$aukblsr
=050  \4$aT55
=082  04$a658.382$222
=100  1\$aWhysall, Zara.
=245  12$aA staged approach to reducing musculoskeletal disorders (MSDs) in the workplace$h[electronic resource] /$cZara Whysall, Cheryl Haslam, Roger Haslam.
=260  \\$aSudbury :$bHSE,$c2005.
=300  \\$a91 p. :$bdigital, PDF file.
=336  \\$atext$2rdacontent
=337  \\$acomputer$2rdamedia
=338  \\$aonline resource$2rdacarrier
=490  1\$aResearch report ;$v379
=500  \\$aTitle from PDF title page (viewed on 6 February 2009).
=500  \\$aPrepared by Loughborough University for the Health and Safety Executive.
=504  \\$aIncludes bibliographical references.
=530  \\$aAlso issued in print format.
=538  \\$aMode of access: World Wide Web.
=538  \\$aSystem requirements: Adobe Acrobat Reader.
=650  \0$aMusculoskeletal system$xWounds and injuries$xPrevention.
=650  \0$aIndustrial safety.
=650  \0$aEmployee health promotion$xEvaluation.
=700  1\$aHaslam, Cheryl,$d1960-
=700  1\$aHaslam, Roger.
=710  1\$aGreat Britain.$bHealth and Safety Executive.
=710  2\$aLoughborough University.
=830  \0$aResearch report (Great Britain. Health and Safety Executive) ;$v379.
=852  41$aBritish Library$bHMNTS$jDigital store
=856  40$uhttp://www.hse.gov.uk/research/rrpdf/rr379.pdf
=985  \\$aCOBSI record
=CAT  \\$aBATCH-SURR$b00$c20091015$lBLL01$h1133
=CAT  \\$aBATCH$b00$c20091015$lBLL01$h1135
=CAT  \\$aBATCH-UPD$b00$c20091015$lBLL01$h1322
=CAT  \\$a7332$b40$c20100111$lBLL01$h1345
=CAT  \\$aW1711-1225$c20171203$lBLL01$h1035
=FIN  \\$aY$d20091015
=FMT  \\$a  BK
=LAS  \\$aW1711-1225$b00$c20171203$lBLL01$h1035
=SRC  \\$aCOBSI$b1bcobsi.lex
=STA  \\$aSUPPRESSED$bunable to determine reason for suppression

