=LDR  02532 am a2200589 a 4500
=001  015393326
=003  Uk
=005  20100111135804.0
=006  m||||||||d||||||||
=007  cr||||||||||||
=008  090208s2005\\\\enk\\\\\sb\\\o000|0\eng|\
=020  \\$a9780717661589
=020  \\$z071766158X (Print)
=040  \\$aStDuBDS$beng$cStDuBDS
=042  \\$aukblsr
=050  \4$aRD97.6
=082  04$a617.57044$222
=100  1\$aCrawford, Joanne O.
=245  10$aEffective management of upper limb disorders by general practitioners and trainee occupational physicians$h[electronic resource] /$cJoanne O. Crawford, Elpiniki Laiou.
=260  \\$aSudbury :$bHSE,$c2005.
=300  \\$a203 p. :$bdigital, PDF file.
=336  \\$atext$2rdacontent
=337  \\$acomputer$2rdamedia
=338  \\$aonline resource$2rdacarrier
=490  1\$aResearch report ;$v380
=500  \\$aTitle from PDF title page (viewed on 8 February 2009).
=500  \\$aPrepared by the Institute of Occupational and Environmental Medicine for the Health and Safety Executive.
=504  \\$aIncludes bibliographical references.
=530  \\$aAlso issued in print format.
=538  \\$aMode of access: World Wide Web.
=538  \\$aSystem requirements: Adobe Acrobat Reader.
=650  \0$aArm$xWounds and injuries$xTreatment.
=650  \0$aOveruse injuries$xTreatment.
=700  1\$aLaiou, Elpiniki.
=710  1\$aGreat Britain.$bHealth and Safety Executive.
=710  2\$aUniversity of Birmingham.$bInstitute of Occupational and Environmental Medicine.
=830  \0$aResearch report (Great Britain. Health and Safety Executive) ;$v380.
=852  41$aBritish Library$bHMNTS$jDigital store
=856  40$uhttp://www.hse.gov.uk/research/rrpdf/rr380.pdf
=985  \\$aCOBSI record
=CAT  \\$aBATCH-SURR$b00$c20091015$lBLL01$h1133
=CAT  \\$aBATCH$b00$c20091015$lBLL01$h1135
=CAT  \\$aBATCH-UPD$b00$c20091015$lBLL01$h1322
=CAT  \\$a7332$b40$c20100111$lBLL01$h1335
=CAT  \\$a7332$b40$c20100111$lBLL01$h1358
=CAT  \\$aW1711-1225$c20171203$lBLL01$h1035
=FIN  \\$aY$d20091015
=FMT  \\$a  BK
=LAS  \\$aW1711-1225$b00$c20171203$lBLL01$h1035
=LKR  \\$aPAR$b013319445$lBLL01$mEffective management of upper limb disorders by general practitioners and trainee occupational physicians (PDF)$nEffective management of upper limb disorders by general practitioners and trainee occupational physicians (Print)
=SRC  \\$aCOBSI$b1bcobsi.lex
=STA  \\$aSUPPRESSED$bunable to determine reason for suppression

