=LDR  02048 am a2200529 a 4500
=001  015393327
=003  Uk
=005  20171203103500.0
=006  m||||||||d||||||||
=007  cr||||||||||||
=008  090209s2005\\\\enk\\\\\s\\\\o000|0\eng|\
=040  \\$aStDuBDS$beng$cStDuBDS
=042  \\$aukblsr
=050  \4$aHD7269.B9
=082  04$a363.1196240941$222
=100  1\$aTyers, C.$q(Claire)
=245  10$aConstructing better health$h[electronic resource] :$breport of baseline employer survey /$cClaire Tyers & Alice Sinclair.
=260  \\$aSudbury :$bHSE,$c2005.
=300  \\$a101 p. :$bdigital, PDF file.
=336  \\$atext$2rdacontent
=337  \\$acomputer$2rdamedia
=338  \\$aonline resource$2rdacarrier
=490  1\$aResearch report ;$v381
=500  \\$aTitle from PDF title page (viewed on 9 February 2009).
=500  \\$aPrepared by the Institute for Employment Studies for the Health and Safety Executive.
=530  \\$aAlso issued in print format.
=538  \\$aMode of access: World Wide Web.
=538  \\$aSystem requirements: Adobe Acrobat Reader.
=650  \0$aConstruction industry$xSafety measures.
=650  \0$aConstruction industry$xEmployees$xHealth and hygiene$zGreat Britain.
=650  \0$aEmployee health promotion$zGreat Britain.
=700  1\$aSinclair, Alice.
=710  1\$aGreat Britain.$bHealth and Safety Executive.
=710  2\$aInstitute for Employment Studies.
=830  \0$aResearch report (Great Britain. Health and Safety Executive) ;$v381.
=852  41$aBritish Library$bHMNTS$jDigital store
=856  40$uhttp://www.hse.gov.uk/research/rrpdf/rr381.pdf
=985  \\$aCOBSI record
=CAT  \\$aBATCH-SURR$b00$c20091015$lBLL01$h1133
=CAT  \\$aBATCH$b00$c20091015$lBLL01$h1135
=CAT  \\$aBATCH-UPD$b00$c20091015$lBLL01$h1322
=CAT  \\$aW1711-1225$c20171203$lBLL01$h1035
=FIN  \\$aY$d20091015
=FMT  \\$a  BK
=LAS  \\$aW1711-1225$b00$c20171203$lBLL01$h1035
=SRC  \\$aCOBSI$b1bcobsi.lex
=STA  \\$aSUPPRESSED$bunable to determine reason for suppression

