=LDR  02234 am a2200553 a 4500
=001  015393329
=003  Uk
=005  20171203103500.0
=006  m||||||||d||||||||
=007  cr||||||||||||
=008  090209s2005\\\\enk\\\\\sb\\\o000|0\eng|\
=020  \\$a9780717661671
=020  \\$a0717661679
=040  \\$aStDuBDS$beng$cStDuBDS
=042  \\$aukblsr
=050  \4$aHD7269.S44
=082  04$a363.119621381520941$222
=245  00$aFeasibility study into the establishment of a retrospective cohort study of workers in the British semiconductor industry$h[electronic resource] /$cH.A. Cowie ... [et al.].
=260  \\$aSudbury :$bHSE,$c2005.
=300  \\$a82 p. :$bdigital, PDF file.
=336  \\$atext$2rdacontent
=337  \\$acomputer$2rdamedia
=338  \\$aonline resource$2rdacarrier
=490  1\$aResearch report ;$v384
=500  \\$aTitle from PDF title page (viewed on 9 February 2009).
=500  \\$aPrepared by the Institute of Occupational Medicine and London School of Hygiene and Tropical Medicine for the Health and Safety Executive.
=504  \\$aIncludes bibliographical references.
=530  \\$aAlso issued in print format.
=538  \\$aMode of access: World Wide Web.
=538  \\$aSystem requirements: Adobe Acrobat Reader.
=650  \0$aSemiconductor industry$xEmployees$xHealth and hygiene$zGreat Britain.
=650  \0$aCohort analysis.
=700  1\$aCowie, H. A.
=710  1\$aGreat Britain.$bHealth and Safety Executive.
=710  2\$aInstitute of Occupational Medicine (Edinburgh, Scotland)
=710  2\$aLondon School of Hygiene and Tropical Medicine.
=830  \0$aResearch report (Great Britain. Health and Safety Executive) ;$v384.
=852  41$aBritish Library$bHMNTS$jDigital store
=856  40$uhttp://www.hse.gov.uk/research/rrpdf/rr384.pdf
=985  \\$aCOBSI record
=CAT  \\$aBATCH-SURR$b00$c20091015$lBLL01$h1133
=CAT  \\$aBATCH$b00$c20091015$lBLL01$h1135
=CAT  \\$aBATCH-UPD$b00$c20091015$lBLL01$h1322
=CAT  \\$aW1711-1225$c20171203$lBLL01$h1035
=FIN  \\$aY$d20091015
=FMT  \\$a  BK
=LAS  \\$aW1711-1225$b00$c20171203$lBLL01$h1035
=SRC  \\$aCOBSI$b1bcobsi.lex
=STA  \\$aSUPPRESSED$bunable to determine reason for suppression

