=LDR  02068 am a2200541 a 4500
=001  015393330
=003  Uk
=005  20100111112443.0
=006  m||||||||d||||||||
=007  cr||||||||||||
=008  090209s2005\\\\enk\\\\\sb\\\o000|0\eng|\
=040  \\$aStDuBDS$beng$cStDuBDS
=042  \\$aukblsr
=050  \4$aQC795.32.R3
=082  04$a363.1799$222
=100  1\$aBartlett, D. T.
=245  10$aAdequacy of external dosimetry methods and suitability of personal dosemeters for workplace radiation fields$h[electronic resource] /$cD.T. Bartlett & R.J. Tanner.
=260  \\$aSudbury :$bHSE,$c2005.
=300  \\$a38 p. :$bdigital, PDF file.
=336  \\$atext$2rdacontent
=337  \\$acomputer$2rdamedia
=338  \\$aonline resource$2rdacarrier
=490  1\$aResearch report ;$v385
=500  \\$aTitle from PDF title page (viewed on 9 February 2009).
=500  \\$aPrepared by the Health Protection Agency for the Health and Safety Executive.
=504  \\$aIncludes bibliographical references.
=530  \\$aAlso issued in print format.
=538  \\$aMode of access: World Wide Web.
=538  \\$aSystem requirements: Adobe Acrobat Reader.
=650  \0$aRadiation dosimetry$xEvaluation.
=650  \0$aDosimeters$xEvaluation.
=700  1\$aTanner, R. J.
=710  1\$aGreat Britain.$bHealth and Safety Executive.
=710  2\$aHealth Protection Agency (Great Britain)
=830  \0$aResearch report (Great Britain. Health and Safety Executive) ;$v385.
=852  41$aBritish Library$bHMNTS$jDigital store
=856  40$uhttp://www.hse.gov.uk/research/rrpdf/rr385.pdf
=985  \\$aCOBSI record
=CAT  \\$aBATCH-SURR$b00$c20091015$lBLL01$h1133
=CAT  \\$aBATCH$b00$c20091015$lBLL01$h1135
=CAT  \\$aBATCH-UPD$b00$c20091015$lBLL01$h1322
=CAT  \\$a7332$b40$c20100111$lBLL01$h1124
=CAT  \\$aW1711-1225$c20171203$lBLL01$h1035
=FIN  \\$aY$d20091015
=FMT  \\$a  BK
=LAS  \\$aW1711-1225$b00$c20171203$lBLL01$h1035
=SRC  \\$aCOBSI$b1bcobsi.lex
=STA  \\$aSUPPRESSED$bunable to determine reason for suppression

