=LDR  02088 am a2200541 a 4500
=001  015393331
=003  Uk
=005  20131125092438.0
=006  m||||||||d||||||||
=007  cr||||||||||||
=008  090209s2005\\\\enk\\\\\sb\\\o000|0\eng|\
=040  \\$aStDuBDS$beng$cStDuBDS
=042  \\$aukblsr
=050  \4$aHD7262.5.G7
=082  04$a363.110941$222
=100  1\$aDavies, Rhys$c(Quantitative researcher)
=245  10$aTrends and context to rates of workplace injury$h[electronic resource] /$cRhys Davies and Paul Jones.
=260  \\$aSudbury :$bHSE,$c2005.
=300  \\$a158 p. :$bdigital, PDF file.
=336  \\$atext$2rdacontent
=337  \\$acomputer$2rdamedia
=338  \\$aonline resource$2rdacarrier
=490  1\$aResearch report ;$v386
=500  \\$aTitle from PDF title page (viewed on 9 February 2009).
=500  \\$aPrepared by Warwick Institute for Employment Research for the Health and Safety Executive.
=504  \\$aIncludes bibliographical references.
=530  \\$aAlso issued in print format.
=538  \\$aMode of access: World Wide Web.
=538  \\$aSystem requirements: Adobe Acrobat Reader.
=650  \0$aIndustrial accidents$zGreat Britain$vStatistics.
=700  1\$aJones, Paul.
=710  1\$aGreat Britain.$bHealth and Safety Executive.
=710  2\$aUniversity of Warwick.$bInstitute for Employment Research.
=830  \0$aResearch report (Great Britain. Health and Safety Executive) ;$v386.
=852  41$aBritish Library$bHMNTS$jDigital store
=856  40$uhttp://www.hse.gov.uk/research/rrpdf/rr386.pdf
=985  \\$aCOBSI record
=CAT  \\$aBATCH-SURR$b00$c20091015$lBLL01$h1133
=CAT  \\$aBATCH$b00$c20091015$lBLL01$h1135
=CAT  \\$aBATCH-UPD$b00$c20091015$lBLL01$h1322
=CAT  \\$a7332$b40$c20110303$lBLL01$h0820
=CAT  \\$a11306$b40$c20131125$lBLL01$h0924
=CAT  \\$aW1711-1225$c20171203$lBLL01$h1035
=FIN  \\$aY$d20091015
=FMT  \\$a  BK
=LAS  \\$aW1711-1225$b00$c20171203$lBLL01$h1035
=SRC  \\$aCOBSI$b1bcobsi.lex
=STA  \\$aSUPPRESSED$bunable to determine reason for suppression

