=LDR  02096 am a2200553 a 4500
=001  015393334
=003  Uk
=005  20110524112934.0
=006  m||||||||d||||||||
=007  cr||||||||||||
=008  090209s2005\\\\enk\\\\\s\\\\o000|0\eng|\
=020  \\$a9780717661732
=020  \\$a0717661733
=040  \\$aStDuBDS$beng$cStDuBDS
=042  \\$aukblsr
=050  \4$aHF5548.85
=082  04$a158.72$222
=100  1\$aPearce, Jonathan.
=245  10$aAttitudes, opinions and experiences of attendees at the ISMAUK stress workshops 2004$h[electronic resource] :$ba report on the findings of follow-up research conducted on behalf of HSE /$cJonathan Pearce.
=260  \\$aSudbury :$bHSE,$c2005.
=300  \\$a50 p. :$bdigital, PDF file.
=336  \\$atext$2rdacontent
=337  \\$acomputer$2rdamedia
=338  \\$aonline resource$2rdacarrier
=490  1\$aResearch report ;$v389
=500  \\$aTitle from PDF title page (viewed on 9 February 2009).
=500  \\$aPrepared by Concept 32 for the Health and Safety Executive.
=530  \\$aAlso issued in print format.
=538  \\$aMode of access: World Wide Web.
=538  \\$aSystem requirements: Adobe Acrobat Reader.
=650  \0$aJob stress$xManagement.
=650  \0$aJob stress$xPrevention.
=650  \0$aEmployees$zGreat Britain$xAttitudes$vStatistics.
=710  1\$aGreat Britain.$bHealth and Safety Executive.
=710  2\$aConcept 32 (Firm)
=830  \0$aResearch report (Great Britain. Health and Safety Executive) ;$v389.
=852  41$aBritish Library$bHMNTS$jDigital store
=856  40$uhttp://www.hse.gov.uk/research/rrpdf/rr389.pdf
=985  \\$aCOBSI record
=CAT  \\$aBATCH-SURR$b00$c20091015$lBLL01$h1133
=CAT  \\$aBATCH$b00$c20091015$lBLL01$h1135
=CAT  \\$aBATCH-UPD$b00$c20091015$lBLL01$h1322
=CAT  \\$a7332$b40$c20110524$lBLL01$h1129
=CAT  \\$aW1711-1225$c20171203$lBLL01$h1035
=FIN  \\$aY$d20091015
=FMT  \\$a  BK
=LAS  \\$aW1711-1225$b00$c20171203$lBLL01$h1035
=SRC  \\$aCOBSI$b1bcobsi.lex
=STA  \\$aSUPPRESSED$bunable to determine reason for suppression

