=LDR  02384 am a2200589 a 4500
=001  015393336
=003  Uk
=005  20091229111309.0
=006  m||||||||d||||||||
=007  cr||||||||||||
=008  090217s2005\\\\enk\\\\\sb\\\o000|0\eng|\
=040  \\$aStDuBDS$beng$cStDuBDS
=042  \\$aukblsr
=050  \4$aHD3705
=082  04$a363.1060941$222
=100  1\$aFord, Norma J.
=245  10$aEvaluation of the HELA training co-ordination portal's ability to support communication and knowledge sharing between LA and HSE safety enforcement teams$h[electronic resource] /$cNorma J. Ford, Josie M. Brown, Heather J. Williams.
=260  \\$aSudbury :$bHSE,$c2005.
=300  \\$a168 p. :$bdigital, PDF file.
=336  \\$atext$2rdacontent
=337  \\$acomputer$2rdamedia
=338  \\$aonline resource$2rdacarrier
=490  1\$aResearch report ;$v391
=500  \\$aTitle from PDF title page (viewed on 17 February 2009).
=500  \\$aPrepared by the University of Salford for the Health and Safety Executive.
=504  \\$aIncludes bibliographical references.
=530  \\$aAlso issued in print format.
=538  \\$aMode of access: World Wide Web.
=538  \\$aSystem requirements: Adobe Acrobat Reader.
=650  \0$aCommunication in industrial safety$zGreat Britain.
=650  \0$aGovernment communication systems$zGreat Britain.
=650  \0$aPublic health personnel$xIn-service training$zGreat Britain.
=650  \0$aWeb portals$xEvaluation.
=700  1\$aBrown, Josie M.
=700  1\$aWilliams, Heather J.$q(Heather Jane).
=710  1\$aGreat Britain.$bHealth and Safety Executive.
=710  2\$aUniversity of Salford.
=830  \0$aResearch report (Great Britain. Health and Safety Executive) ;$v391.
=852  41$aBritish Library$bHMNTS$jDigital store
=856  40$uhttp://www.hse.gov.uk/research/rrpdf/rr391.pdf
=985  \\$aCOBSI record
=CAT  \\$aBATCH-SURR$b00$c20091015$lBLL01$h1133
=CAT  \\$aBATCH$b00$c20091015$lBLL01$h1135
=CAT  \\$aBATCH-UPD$b00$c20091015$lBLL01$h1322
=CAT  \\$a7332$b40$c20091229$lBLL01$h1113
=CAT  \\$aBATCH-UPD$b40$c20170201$lBLL01$h0847
=CAT  \\$aW1711-1225$c20171203$lBLL01$h1035
=FIN  \\$aY$d20091015
=FMT  \\$a  BK
=LAS  \\$aW1711-1225$b00$c20171203$lBLL01$h1035
=SRC  \\$aCOBSI$b1bcobsi.lex
=STA  \\$aSUPPRESSED$bunable to determine reason for suppression

