=LDR  02852 am a2200661 a 4500
=001  015393339
=003  Uk
=005  20110303102043.0
=006  m||||||||d||||||||
=007  cr||||||||||||
=008  090217s2005\\\\enk\\\\\sb\\\o000|0\eng|\
=020  \\$a9780717661701
=020  \\$z0717661709 (Print)
=040  \\$aStDuBDS$beng$cStDuBDS
=042  \\$aukblsr
=050  \4$aRD771.B217
=082  04$a617.564027$222
=100  1\$aLloyd, Donna.
=245  10$aDevelopment of functional magnetic resonance imaging (fMRI) to measure the central nervous system response to chronic back pain$h[electronic resource] /$cDonna Lloyd, Turo Nurmikko, Neil Roberts.
=260  \\$aSudbury :$bHSE,$c2005.
=300  \\$a58 p. :$bdigital, PDF file.
=336  \\$atext$2rdacontent
=337  \\$acomputer$2rdamedia
=338  \\$aonline resource$2rdacarrier
=490  1\$aResearch report ;$v394
=500  \\$aTitle from PDF title page (viewed on 17 February 2009).
=500  \\$aPrepared by the University of Liverpool and University Hospital Aintree for the Health and Safety Executive.
=504  \\$aIncludes bibliographical references.
=530  \\$aAlso issued in print format.
=538  \\$aMode of access: World Wide Web.
=538  \\$aSystem requirements: Adobe Acrobat Reader.
=650  \0$aBackache$xResearch.
=650  \0$aChronic pain$xMagnetic resonance imaging.
=650  \0$aBack$xMagnetic resonance imaging.
=650  \0$aCentral nervous system$xMagnetic resonance imaging.
=700  1\$aNurmikko, Turo.
=700  1\$aRoberts, Neil,$cProfessor.
=710  1\$aGreat Britain.$bHealth and Safety Executive.
=710  2\$aUniversity of Liverpool.
=710  2\$aUniversity Hospital Aintree.
=830  \0$aResearch report (Great Britain. Health and Safety Executive) ;$v394.
=852  41$aBritish Library$bHMNTS$jDigital store
=856  40$uhttp://www.hse.gov.uk/research/rrpdf/rr394.pdf
=985  \\$aCOBSI record
=CAT  \\$aBATCH-SURR$b00$c20091015$lBLL01$h1133
=CAT  \\$aBATCH$b00$c20091015$lBLL01$h1135
=CAT  \\$aBATCH-UPD$b00$c20091015$lBLL01$h1322
=CAT  \\$a7332$b40$c20100312$lBLL01$h0843
=CAT  \\$a7332$b40$c20100312$lBLL01$h0848
=CAT  \\$a7332$b40$c20110303$lBLL01$h1020
=CAT  \\$aBATCH-UPD$b40$c20151012$lBLL01$h0711
=CAT  \\$aW1711-1225$c20171203$lBLL01$h1035
=FIN  \\$aY$d20091015
=FMT  \\$a  BK
=LAS  \\$aW1711-1225$b00$c20171203$lBLL01$h1035
=LKR  \\$aPAR$b013378187$lBLL01$mDevelopment of functional magnetic resonance imaging (fMRI) to measure the central nervous system response to chronic back pain (PDF)$nDevelopment of functional magnetic resonance imaging (fMRI) to measure the central nervous system response to chronic back pain (Print)
=SRC  \\$aCOBSI$b1bcobsi.lex
=STA  \\$aSUPPRESSED$bunable to determine reason for suppression

