=LDR  02152 am a2200565 a 4500
=001  015393340
=003  Uk
=005  20110303102146.0
=006  m||||||||d||||||||
=007  cr||||||||||||
=008  090217s2005\\\\enk\\\\\sb\\\o000|0\eng|\
=040  \\$aStDuBDS$beng$cStDuBDS
=042  \\$aukblsr
=050  \4$aRD771.B217
=082  04$a617.56407548$222
=245  00$aTen year follow-up study of MR imaging of the lumbar spine$h[electronic resource] /$cNeil Roberts ... [et al.].
=260  \\$aSudbury :$bHSE,$c2005.
=300  \\$a58 p. :$bdigital, PDF file.
=336  \\$atext$2rdacontent
=337  \\$acomputer$2rdamedia
=338  \\$aonline resource$2rdacarrier
=490  1\$aResearch report ;$v395
=500  \\$aTitle from PDF title page (viewed on 17 February 2009).
=500  \\$aPrepared by the University of Liverpool and University of Manchester for the Health and Safety Executive.
=504  \\$aIncludes bibliographical references.
=530  \\$aAlso issued in print format.
=538  \\$aMode of access: World Wide Web.
=538  \\$aSystem requirements: Adobe Acrobat Reader.
=650  \0$aBack$xMagnetic resonance imaging.
=650  \0$aBackache$xEtiology.
=700  1\$aRoberts, Neil,$cProfessor.
=710  1\$aGreat Britain.$bHealth and Safety Executive.
=710  2\$aUniversity of Liverpool.
=710  2\$aUniversity of Manchester.
=830  \0$aResearch report (Great Britain. Health and Safety Executive) ;$v395.
=852  41$aBritish Library$bHMNTS$jDigital store
=856  40$uhttp://www.hse.gov.uk/research/rrpdf/rr395.pdf
=985  \\$aCOBSI record
=CAT  \\$aBATCH-SURR$b00$c20091015$lBLL01$h1133
=CAT  \\$aBATCH$b00$c20091015$lBLL01$h1135
=CAT  \\$aBATCH-UPD$b00$c20091015$lBLL01$h1322
=CAT  \\$a7332$b40$c20100312$lBLL01$h0858
=CAT  \\$a7332$b40$c20110303$lBLL01$h1021
=CAT  \\$aW1711-1225$c20171203$lBLL01$h1035
=CAT  \\$aBATCH-UPD$b00$c20171203$lBLL01$h1304
=FIN  \\$aY$d20091015
=FMT  \\$a  BK
=LAS  \\$aBATCH-UPD$b00$c20171203$lBLL01$h1304
=SRC  \\$aCOBSI$b1bcobsi.lex
=STA  \\$aSUPPRESSED$bunable to determine reason for suppression

