=LDR  01856 am a2200505 a 4500
=001  015393341
=003  Uk
=005  20100312091739.0
=006  m||||||||d||||||||
=007  cr||||||||||||
=008  090217s2005\\\\enk\\\\\sb\\\o000|0\eng|\
=040  \\$aStDuBDS$beng$cStDuBDS
=042  \\$aukblsr
=050  \4$aT55
=082  04$a363.1$222
=245  00$aResearch into the behavioural aspects of slips and trip accidents and incidents.$nPart 1,$pLiterature review$h[electronic resource] /$cRossmore MCA Limited.
=260  \\$aSudbury :$bHSE,$c2005.
=300  \\$a42 p. :$bdigital, PDF file.
=336  \\$atext$2rdacontent
=337  \\$acomputer$2rdamedia
=338  \\$aonline resource$2rdacarrier
=490  1\$aResearch report ;$v396
=500  \\$aTitle from PDF title page (viewed on 17 February 2009).
=504  \\$aIncludes bibliographical references.
=530  \\$aAlso issued in print format.
=538  \\$aMode of access: World Wide Web.
=538  \\$aSystem requirements: Adobe Acrobat Reader.
=650  \0$aFalls (Accidents)
=650  \0$aIndustrial safety.
=710  1\$aGreat Britain.$bHealth and Safety Executive.
=710  2\$aRossmore MCA Limited.
=830  \0$aResearch report (Great Britain. Health and Safety Executive) ;$v396.
=852  41$aBritish Library$bHMNTS$jDigital store
=856  40$uhttp://www.hse.gov.uk/research/rrpdf/rr396.pdf
=985  \\$aCOBSI record
=CAT  \\$aBATCH-SURR$b00$c20091015$lBLL01$h1133
=CAT  \\$aBATCH$b00$c20091015$lBLL01$h1135
=CAT  \\$aBATCH-UPD$b00$c20091015$lBLL01$h1322
=CAT  \\$a7332$b40$c20100312$lBLL01$h0917
=CAT  \\$aW1711-1225$c20171203$lBLL01$h1035
=FIN  \\$aY$d20091015
=FMT  \\$a  BK
=LAS  \\$aW1711-1225$b00$c20171203$lBLL01$h1035
=SRC  \\$aCOBSI$b1bcobsi.lex
=STA  \\$aSUPPRESSED$bunable to determine reason for suppression

