=LDR  02065 am a2200553 a 4500
=001  015393343
=003  Uk
=005  20100312105119.0
=006  m||||||||d||||||||
=007  cr||||||||||||
=008  090218s2005\\\\enk\\\\\sb\\\o000|0\eng|\
=040  \\$aStDuBDS$beng$cStDuBDS
=042  \\$aukblsr
=050  \4$aHE194
=082  04$a363.12$222
=100  1\$aHarley, Ruth.
=245  10$aReview of key human factors involved in workplace transport accidents$h[electronic resource] /$cRuth Harley & Alistair Cheyne.
=260  \\$aSudbury :$bHSE,$c2005.
=300  \\$a58 p. :$bdigital, PDF file.
=336  \\$atext$2rdacontent
=337  \\$acomputer$2rdamedia
=338  \\$aonline resource$2rdacarrier
=490  1\$aResearch report ;$v398
=500  \\$aTitle from PDF title page (viewed on 18 February 2009).
=500  \\$aPrepared by Loughborough University Business School for the Health and Safety Executive.
=504  \\$aIncludes bibliographical references.
=530  \\$aAlso issued in print format.
=538  \\$aMode of access: World Wide Web.
=538  \\$aSystem requirements: Adobe Acrobat Reader.
=650  \0$aTransportation accidents.
=650  \0$aIndustrial accidents.
=650  \0$aHuman engineering.
=700  1\$aCheyne, Alistair.
=710  1\$aGreat Britain.$bHealth and Safety Executive.
=710  2\$aLoughborough University.$bBusiness School.
=830  \0$aResearch report (Great Britain. Health and Safety Executive) ;$v398.
=852  41$aBritish Library$bHMNTS$jDigital store
=856  40$uhttp://www.hse.gov.uk/research/rrpdf/rr398.pdf
=985  \\$aCOBSI record
=CAT  \\$aBATCH-SURR$b00$c20091015$lBLL01$h1133
=CAT  \\$aBATCH$b00$c20091015$lBLL01$h1135
=CAT  \\$aBATCH-UPD$b00$c20091015$lBLL01$h1322
=CAT  \\$a7332$b40$c20100312$lBLL01$h1051
=CAT  \\$aW1711-1225$c20171203$lBLL01$h1035
=FIN  \\$aY$d20091015
=FMT  \\$a  BK
=LAS  \\$aW1711-1225$b00$c20171203$lBLL01$h1035
=SRC  \\$aCOBSI$b1bcobsi.lex
=STA  \\$aSUPPRESSED$bunable to determine reason for suppression

