=LDR  02212 am a2200565 a 4500
=001  015393344
=003  Uk
=005  20100312133738.0
=006  m||||||||d||||||||
=007  cr||||||||||||
=008  090218s2005\\\\enk\\\\\sb\\\o000|0\eng|\
=040  \\$aStDuBDS$beng$cStDuBDS
=042  \\$aukblsr
=050  \4$aRD680
=082  04$a617.470446$222
=100  10$aBreen, Alan.
=245  10$aImproved early pain management for musculoskeletal disorders$h[electronic resource] /$cAlan Breen, Jennifer Langworthy, Jeffrey Bagust.
=260  \\$aSudbury :$bHSE,$c2005.
=300  \\$a92 p. :$bdigital, PDF file.
=336  \\$atext$2rdacontent
=337  \\$acomputer$2rdamedia
=338  \\$aonline resource$2rdacarrier
=490  1\$aResearch report ;$v399
=500  \\$aTitle from PDF title page (viewed on 18 February 2009).
=500  \\$aPrepared by the Institute for Musculoskeletal Research and Clinical Implementation for the Health and Safety Executive.
=504  \\$aIncludes bibliographical references.
=530  \\$aAlso issued in print format.
=538  \\$aMode of access: World Wide Web.
=538  \\$aSystem requirements: Adobe Acrobat Reader.
=650  \0$aMusculoskeletal system$xWounds and injuries$xTreatment.
=650  \0$aPain$xTreatment.
=700  1\$aLangworthy, Jennifer.
=700  1\$aBagust, Jeffrey.
=710  1\$aGreat Britain.$bHealth and Safety Executive.
=710  2\$aInstitute for Musculoskeletal Research and Clinical Implementation.
=830  \0$aResearch report (Great Britain. Health and Safety Executive) ;$v399.
=852  41$aBritish Library$bHMNTS$jDigital store
=856  40$uhttp://www.hse.gov.uk/research/rrpdf/rr399.pdf
=985  \\$aCOBSI record
=CAT  \\$aBATCH-SURR$b00$c20091015$lBLL01$h1133
=CAT  \\$aBATCH$b00$c20091015$lBLL01$h1135
=CAT  \\$aBATCH-UPD$b00$c20091015$lBLL01$h1322
=CAT  \\$a7332$b40$c20100312$lBLL01$h1337
=CAT  \\$aW1711-1225$c20171203$lBLL01$h1035
=CAT  \\$aBATCH-UPD$b00$c20171203$lBLL01$h1304
=FIN  \\$aY$d20091015
=FMT  \\$a  BK
=LAS  \\$aBATCH-UPD$b00$c20171203$lBLL01$h1304
=SRC  \\$aCOBSI$b1bcobsi.lex
=STA  \\$aSUPPRESSED$bunable to determine reason for suppression

