=LDR  02300 am a2200577 a 4500
=001  015393345
=003  Uk
=005  20171203103500.0
=006  m||||||||d||||||||
=007  cr||||||||||||
=008  090218s2005\\\\enk\\\\\sb\\\o000|0\eng|\
=040  \\$aStDuBDS$beng$cStDuBDS
=042  \\$aukblsr
=050  \4$aRC965.C75
=082  04$a363.1196241520941$222
=100  1\$aScarlett, A. J.
=245  10$aWhole-body vibration on construction, mining and quarrying machines$h[electronic resource] :$bevaluation of emission and estimated exposure levels /$cA.J. Scarlett, R.M. Stayner.
=260  \\$aSudbury :$bHSE,$c2005.
=300  \\$a177 p. :$bdigital, PDF file.
=336  \\$atext$2rdacontent
=337  \\$acomputer$2rdamedia
=338  \\$aonline resource$2rdacarrier
=490  1\$aResearch report ;$v400
=500  \\$aTitle from PDF title page (viewed on 18 February 2009).
=500  \\$aPrepared by Silsoe Research Institute for the Health and Safety Executive.
=504  \\$aIncludes bibliographical references.
=530  \\$aAlso issued in print format.
=538  \\$aMode of access: World Wide Web.
=538  \\$aSystem requirements: Adobe Acrobat Reader.
=650  \0$aConstruction equipment$xVibration.
=650  \0$aMining machinery$xVibration.
=650  \0$aExcavating machinery$xVibration.
=650  \0$aConstruction equipment operators$xHealth and hygiene$zGreat Britain.
=650  \0$aMineral industries$xEmployees$xHealth and hygiene$zGreat Britain.
=650  \0$aVibration$xPhysiological effect.
=700  1\$aStayner, R. M.
=710  1\$aGreat Britain.$bHealth and Safety Executive.
=710  2\$aSilsoe Research Institute.
=830  \0$aResearch report (Great Britain. Health and Safety Executive) ;$v400.
=852  41$aBritish Library$bHMNTS$jDigital store
=856  40$uhttp://www.hse.gov.uk/research/rrpdf/rr400.pdf
=985  \\$aCOBSI record
=CAT  \\$aBATCH-SURR$b00$c20091015$lBLL01$h1133
=CAT  \\$aBATCH$b00$c20091015$lBLL01$h1135
=CAT  \\$aBATCH-UPD$b00$c20091015$lBLL01$h1322
=CAT  \\$aW1711-1225$c20171203$lBLL01$h1035
=FIN  \\$aY$d20091015
=FMT  \\$a  BK
=LAS  \\$aW1711-1225$b00$c20171203$lBLL01$h1035
=SRC  \\$aCOBSI$b1bcobsi.lex
=STA  \\$aSUPPRESSED$bunable to determine reason for suppression

