=LDR  02046 am a2200565 a 4500
=001  015393346
=003  Uk
=005  20100819173249.0
=006  m||||||||d||||||||
=007  cr||||||||||||
=008  090218s2005\\\\enk\\\\\sb\\\o000|0\eng|\
=040  \\$aStDuBDS$beng$cStDuBDS
=042  \\$aukblsr
=050  \4$aGC227
=082  04$a551.463$222
=100  1\$aVenugopal, V.
=245  14$aThe properties of extreme waves$h[electronic resource] /$cV. Venugopal, J. Wolfram & B.T. Linfoot.
=260  \\$aSudbury :$bHSE,$c2005.
=300  \\$a90 p. :$bdigital, PDF file.
=336  \\$atext$2rdacontent
=337  \\$acomputer$2rdamedia
=338  \\$aonline resource$2rdacarrier
=490  1\$aResearch report ;$v401
=500  \\$aTitle from PDF title page (viewed on 18 February 2009).
=500  \\$aPrepared by Heriot-Watt University for the Health and Safety Executive.
=504  \\$aIncludes bibliographical references.
=530  \\$aAlso issued in print format.
=538  \\$aMode of access: World Wide Web.
=538  \\$aSystem requirements: Adobe Acrobat Reader.
=650  \0$aRogue waves.
=650  \0$aRogue waves$xMathematical models.
=650  \0$aOffshore structures$xRisk assessment.
=700  1\$aWolfram, J.
=700  1\$aLinfoot, B. T.
=710  1\$aGreat Britain.$bHealth and Safety Executive.
=710  2\$aHeriot-Watt University.
=830  \0$aResearch report (Great Britain. Health and Safety Executive) ;$v401.
=852  41$aBritish Library$bHMNTS$jDigital store
=856  40$uhttp://www.hse.gov.uk/research/rrpdf/rr401.pdf
=985  \\$aCOBSI record
=CAT  \\$aBATCH-SURR$b00$c20091015$lBLL01$h1133
=CAT  \\$aBATCH$b00$c20091015$lBLL01$h1135
=CAT  \\$aBATCH-UPD$b00$c20091015$lBLL01$h1322
=CAT  \\$a12181$b40$c20100819$lBLL01$h1732
=CAT  \\$aW1711-1225$c20171203$lBLL01$h1035
=FIN  \\$aY$d20091015
=FMT  \\$a  BK
=LAS  \\$aW1711-1225$b00$c20171203$lBLL01$h1035
=SRC  \\$aCOBSI$b1bcobsi.lex
=STA  \\$aSUPPRESSED$bunable to determine reason for suppression

