=LDR  02292 am a2200577 a 4500
=001  015393348
=003  Uk
=005  20100323101133.0
=006  m||||||||d||||||||
=007  cr||||||||||||
=008  090218s2005\\\\enk\\\\\sb\\\o000|0\eng|\
=040  \\$aStDuBDS$beng$cStDuBDS
=042  \\$aukblsr
=050  \4$aHD7262
=082  04$a363.11$222
=100  1\$aHaefeli, Karen.
=245  10$aPerceptions of the cost implications of health and safety failures$h[electronic resource] /$cKaren Haefeli, Cheryl Haslam, Roger Haslam.
=260  \\$aSudbury :$bHSE,$c2005.
=300  \\$a206 p. :$bdigital, PDF file.
=336  \\$atext$2rdacontent
=337  \\$acomputer$2rdamedia
=338  \\$aonline resource$2rdacarrier
=490  1\$aResearch report ;$v403
=500  \\$aTitle from PDF title page (viewed on 18 February 2009).
=500  \\$aPrepared by the Institute of Work, Health and Organisations and the Health and Safety Ergonomics Unit for the Health and Safety Executive.
=504  \\$aIncludes bibliographical references.
=530  \\$aAlso issued in print format.
=538  \\$aMode of access: World Wide Web.
=538  \\$aSystem requirements: Adobe Acrobat Reader.
=650  \0$aIndustrial accidents$xCosts.
=650  \0$aIndustrial accidents$xCosts$xPublic opinion.
=650  \0$aIndustrial accidents$xCosts$vCase studies.
=700  1\$aHaslam, Cheryl,$d1960-
=700  1\$aHaslam, Roger.
=710  1\$aGreat Britain.$bHealth and Safety Executive.
=710  2\$aInstitute of Work, Health and Organisations.
=710  2\$aLoughborough University.$bHealth & Safety Ergonomics Unit.
=830  \0$aResearch report (Great Britain. Health and Safety Executive) ;$v403.
=852  41$aBritish Library$bHMNTS$jDigital store
=856  40$uhttp://www.hse.gov.uk/research/rrpdf/rr403.pdf
=985  \\$aCOBSI record
=CAT  \\$aBATCH-SURR$b00$c20091015$lBLL01$h1133
=CAT  \\$aBATCH$b00$c20091015$lBLL01$h1135
=CAT  \\$aBATCH-UPD$b00$c20091015$lBLL01$h1322
=CAT  \\$a7332$b40$c20100323$lBLL01$h1011
=CAT  \\$aW1711-1225$c20171203$lBLL01$h1035
=FIN  \\$aY$d20091015
=FMT  \\$a  BK
=LAS  \\$aW1711-1225$b00$c20171203$lBLL01$h1035
=SRC  \\$aCOBSI$b1bcobsi.lex
=STA  \\$aSUPPRESSED$bunable to determine reason for suppression

