=LDR  02050 am a2200553 a 4500
=001  015393349
=003  Uk
=005  20100305135252.0
=006  m||||||||d||||||||
=007  cr||||||||||||
=008  090218s2006\\\\enk\\\\\sb\\\o000|0\eng|\
=040  \\$aStDuBDS$beng$cStDuBDS
=042  \\$aukblsr
=050  \4$aTA479.S7
=082  04$a620.175$222
=100  1\$aSchleyer, Graham Klaus.
=245  10$aPulse pressure testing of 1/4 scale blast wall panels with connections.$pPhase II$h[electronic resource] /$cG.K. Schleyer & G.S. Langdon.
=260  \\$aSudbury :$bHSE,$c2006.
=300  \\$a66 p. :$bdigital, PDF file.
=336  \\$atext$2rdacontent
=337  \\$acomputer$2rdamedia
=338  \\$aonline resource$2rdacarrier
=490  1\$aResearch report ;$v404
=500  \\$aTitle from PDF title page (viewed on 18 February 2009).
=500  \\$aPrepared by the University of Liverpool for the Health and Safety Executive.
=504  \\$aIncludes bibliographical references.
=530  \\$aAlso issued in print format.
=538  \\$aMode of access: World Wide Web.
=538  \\$aSystem requirements: Adobe Acrobat Reader.
=650  \0$aWall panels$xTesting.
=650  \0$aStainless steel sheets.
=650  \0$aBlast effect.
=700  1\$aLangdon, G. S.
=710  1\$aGreat Britain.$bHealth and Safety Executive.
=710  2\$aUniversity of Liverpool.
=830  \0$aResearch report (Great Britain. Health and Safety Executive) ;$v404.
=852  41$aBritish Library$bHMNTS$jDigital store
=856  40$uhttp://www.hse.gov.uk/research/rrpdf/rr404.pdf
=985  \\$aCOBSI record
=CAT  \\$aBATCH-SURR$b00$c20091015$lBLL01$h1133
=CAT  \\$aBATCH$b00$c20091015$lBLL01$h1135
=CAT  \\$aBATCH-UPD$b00$c20091015$lBLL01$h1322
=CAT  \\$a7332$b40$c20100305$lBLL01$h1352
=CAT  \\$aW1711-1225$c20171203$lBLL01$h1035
=FIN  \\$aY$d20091015
=FMT  \\$a  BK
=LAS  \\$aW1711-1225$b00$c20171203$lBLL01$h1035
=SRC  \\$aCOBSI$b1bcobsi.lex
=STA  \\$aSUPPRESSED$bunable to determine reason for suppression

