=LDR  01942 am a2200529 a 4500
=001  015393351
=003  Uk
=005  20110524113058.0
=006  m||||||||d||||||||
=007  cr||||||||||||
=008  090219s2005\\\\enk\\\\\sb\\\o000|0\eng|\
=040  \\$aStDuBDS$beng$cStDuBDS
=042  \\$aukblsr
=050  \4$aHD7269.S7
=082  04$a363.11962236$222
=245  00$aSeatbelt performance in quarry vehicle incidents$h[electronic resource] :$bfinal report /$cT. Smith ... [et al.].
=260  \\$aSudbury :$bHSE,$c2005.
=300  \\$a150 p. :$bdigital, PDF file.
=336  \\$atext$2rdacontent
=337  \\$acomputer$2rdamedia
=338  \\$aonline resource$2rdacarrier
=490  1\$aResearch report ;$v406
=500  \\$aTitle from PDF title page (viewed on 19 February 2009).
=500  \\$aPrepared by TRL Ltd. for the Health and Safety Executive.
=504  \\$aIncludes bibliographical references.
=530  \\$aAlso issued in print format.
=538  \\$aMode of access: World Wide Web.
=538  \\$aSystem requirements: Adobe Acrobat Reader.
=650  \0$aQuarries and quarrying$xSafety measures.
=650  \0$aTrucks$xSeat belts.
=700  1\$aSmith, T.
=710  1\$aGreat Britain.$bHealth and Safety Executive.
=710  2\$aTRL Limited.
=830  \0$aResearch report (Great Britain. Health and Safety Executive) ;$v406.
=852  41$aBritish Library$bHMNTS$jDigital store
=856  40$uhttp://www.hse.gov.uk/research/rrpdf/rr406.pdf
=985  \\$aCOBSI record
=CAT  \\$aBATCH-SURR$b00$c20091015$lBLL01$h1133
=CAT  \\$aBATCH$b00$c20091015$lBLL01$h1135
=CAT  \\$aBATCH-UPD$b00$c20091015$lBLL01$h1322
=CAT  \\$a7332$b40$c20110524$lBLL01$h1130
=CAT  \\$aW1711-1225$c20171203$lBLL01$h1035
=FIN  \\$aY$d20091015
=FMT  \\$a  BK
=LAS  \\$aW1711-1225$b00$c20171203$lBLL01$h1035
=SRC  \\$aCOBSI$b1bcobsi.lex
=STA  \\$aSUPPRESSED$bunable to determine reason for suppression

