=LDR  02188 am a2200565 a 4500
=001  015393352
=003  Uk
=005  20171203103500.0
=006  m||||||||d||||||||
=007  cr||||||||||||
=008  090219s2005\\\\enk\\\\\sb\\\o000|0\eng|\
=040  \\$aStDuBDS$beng$cStDuBDS
=042  \\$aukblsr
=050  \4$aRA1242.P56
=082  04$a615.9517$222
=245  00$aGenetic variation in susceptibility to chronic effects of organophosphate exposure$h[electronic resource] /$cN.M. Cherry ... [et al.].
=260  \\$aSudbury :$bHSE,$c2005.
=300  \\$a128 p. :$bdigital, PDF file.
=336  \\$atext$2rdacontent
=337  \\$acomputer$2rdamedia
=338  \\$aonline resource$2rdacarrier
=490  1\$aResearch report ;$v408
=500  \\$aTitle from PDF title page (viewed on 19 February 2009).
=500  \\$aPrepared by the University of Manchester and Manchester Royal Infirmary for the Health and Safety Executive.
=504  \\$aIncludes bibliographical references.
=530  \\$aAlso issued in print format.
=538  \\$aMode of access: World Wide Web.
=538  \\$aSystem requirements: Adobe Acrobat Reader.
=650  \0$aOrganophosphorus compounds$xToxicology.
=650  \0$aSheep-dip$xToxicology.
=650  \0$aAgricultural laborers$xHealth and hygiene.
=650  \0$aDisease susceptibility$xGenetic aspects.
=700  1\$aCherry, N. M.
=710  1\$aGreat Britain.$bHealth and Safety Executive.
=710  2\$aUniversity of Manchester.
=710  2\$aManchester Royal Infirmary.
=830  \0$aResearch report (Great Britain. Health and Safety Executive) ;$v408.
=852  41$aBritish Library$bHMNTS$jDigital store
=856  40$uhttp://www.hse.gov.uk/research/rrpdf/rr408.pdf
=916  \\$a700=NEW$a710/2=NEW$a710/2=NEW
=985  \\$aCOBSI record
=CAT  \\$aBATCH-SURR$b00$c20091015$lBLL01$h1133
=CAT  \\$aBATCH$b00$c20091015$lBLL01$h1135
=CAT  \\$aBATCH-UPD$b00$c20091015$lBLL01$h1322
=CAT  \\$aW1711-1225$c20171203$lBLL01$h1035
=FIN  \\$aY$d20091015
=FMT  \\$a  BK
=LAS  \\$aW1711-1225$b00$c20171203$lBLL01$h1035
=SRC  \\$aCOBSI$b1bcobsi.lex
=STA  \\$aSUPPRESSED$bunable to determine reason for suppression

