=LDR  02057 am a2200541 a 4500
=001  015393353
=003  Uk
=005  20091229084616.0
=006  m||||||||d||||||||
=007  cr||||||||||||
=008  090219s2005\\\\enk\\\\\sb\\\o000|0\eng|\
=040  \\$aStDuBDS$beng$cStDuBDS
=042  \\$aukblsr
=050  \4$aTN871.3
=082  04$a363.11962233819$222
=100  1\$aGlass, A. W.
=245  10$aHigh pressure, high temperature developments in the United Kingdom Continental Shelf$h[electronic resource] /$cA.W. Glass.
=260  \\$aSudbury :$bHSE,$c2005.
=300  \\$a62 p. :$bdigital, PDF file.
=336  \\$atext$2rdacontent
=337  \\$acomputer$2rdamedia
=338  \\$aonline resource$2rdacarrier
=490  1\$aResearch report ;$v409
=500  \\$aTitle from PDF title page (viewed on 19 February 2009).
=500  \\$aPrepared by Highoose Limited for the Health and Safety Executive.
=504  \\$aIncludes bibliographical references.
=530  \\$aAlso issued in print format.
=538  \\$aMode of access: World Wide Web.
=538  \\$aSystem requirements: Adobe Acrobat Reader.
=650  \0$aOffshore oil well drilling$xRisk assessment.
=650  \0$aOffshore oil well drilling$xSafety measures.
=650  \0$aHigh pressure (Technology)$xRisk assessment.
=710  1\$aGreat Britain.$bHealth and Safety Executive.
=710  2\$aHighoose Limited.
=830  \0$aResearch report (Great Britain. Health and Safety Executive) ;$v409.
=852  41$aBritish Library$bHMNTS$jDigital store
=856  40$uhttp://www.hse.gov.uk/research/rrpdf/rr409.pdf
=985  \\$aCOBSI record
=CAT  \\$aBATCH-SURR$b00$c20091015$lBLL01$h1133
=CAT  \\$aBATCH$b00$c20091015$lBLL01$h1135
=CAT  \\$aBATCH-UPD$b00$c20091015$lBLL01$h1322
=CAT  \\$a7332$b40$c20091229$lBLL01$h0846
=CAT  \\$aW1711-1225$c20171203$lBLL01$h1035
=FIN  \\$aY$d20091015
=FMT  \\$a  BK
=LAS  \\$aW1711-1225$b00$c20171203$lBLL01$h1035
=SRC  \\$aCOBSI$b1bcobsi.lex
=STA  \\$aSUPPRESSED$bunable to determine reason for suppression

