=LDR  01887 am a2200505 a 4500
=001  015393354
=003  Uk
=005  20171203103500.0
=006  m||||||||d||||||||
=007  cr||||||||||||
=008  090219s2005\\\\enk\\\\\sb\\\o000|0\eng|\
=040  \\$aStDuBDS$beng$cStDuBDS
=042  \\$aukblsr
=050  \4$aHD7261
=082  04$a658.382$222
=245  00$aOccupational health and safety support systems for small and medium sized enterprises$h[electronic resource] :$ba literature review /$cBOMEL Limited.
=260  \\$aSudbury :$bHSE,$c2005.
=300  \\$a129 p. :$bdigital, PDF file.
=336  \\$atext$2rdacontent
=337  \\$acomputer$2rdamedia
=338  \\$aonline resource$2rdacarrier
=490  1\$aResearch report ;$v410
=500  \\$aTitle from PDF title page (viewed on 19 February 2009).
=504  \\$aIncludes bibliographical references.
=530  \\$aAlso issued in print format.
=538  \\$aMode of access: World Wide Web.
=538  \\$aSystem requirements: Adobe Acrobat Reader.
=650  \0$aOccupational health services.
=650  \0$aIndustrial safety$xManagement.
=650  \0$aSmall business$xEmployees$xHealth and hygiene.
=710  1\$aGreat Britain.$bHealth and Safety Executive.
=710  2\$aBOMEL Limited.
=830  \0$aResearch report (Great Britain. Health and Safety Executive) ;$v410.
=852  41$aBritish Library$bHMNTS$jDigital store
=856  40$uhttp://www.hse.gov.uk/research/rrpdf/rr410.pdf
=985  \\$aCOBSI record
=CAT  \\$aBATCH-SURR$b00$c20091015$lBLL01$h1133
=CAT  \\$aBATCH$b00$c20091015$lBLL01$h1135
=CAT  \\$aBATCH-UPD$b00$c20091015$lBLL01$h1322
=CAT  \\$aW1711-1225$c20171203$lBLL01$h1035
=FIN  \\$aY$d20091015
=FMT  \\$a  BK
=LAS  \\$aW1711-1225$b00$c20171203$lBLL01$h1035
=SRC  \\$aCOBSI$b1bcobsi.lex
=STA  \\$aSUPPRESSED$bunable to determine reason for suppression

