=LDR  02088 am a2200529 a 4500
=001  015393357
=003  Uk
=005  20091027133430.0
=006  m||||||||d||||||||
=007  cr||||||||||||
=008  090219s2006\\\\enk\\\\\s\\\\o000|0\eng|\
=040  \\$aStDuBDS$beng$cStDuBDS
=042  \\$aukblsr
=050  \4$aHD7695
=082  04$a658.4080941$222
=245  00$aHealth and safety responsibilities of company directors and management board members$h[electronic resource] :$b2001, 2003 and 2005 surveys, final report /$cMichael Wright ... [et al.].
=260  \\$aSudbury :$bHSE,$c2006.
=300  \\$a188 p. :$bdigital, PDF file.
=336  \\$atext$2rdacontent
=337  \\$acomputer$2rdamedia
=338  \\$aonline resource$2rdacarrier
=490  1\$aResearch report ;$v414
=500  \\$aTitle from PDF title page (viewed on 19 February 2009).
=500  \\$aPrepared by Greenstreet Berman Ltd. for the Health and Safety Executive.
=530  \\$aAlso issued in print format.
=538  \\$aMode of access: World Wide Web.
=538  \\$aSystem requirements: Adobe Acrobat Reader.
=650  \0$aDirectors of corporations$zGreat Britain.
=650  \0$aIndustrial safety$zGreat Britain$xManagement.
=650  \0$aIndustrial hygiene$zGreat Britain$xManagement.
=700  1\$aWright, Michael,$d1963-
=710  1\$aGreat Britain.$bHealth and Safety Executive.
=710  2\$aGreenstreet Berman (Firm)
=830  \0$aResearch report (Great Britain. Health and Safety Executive) ;$v414.
=852  41$aBritish Library$bHMNTS$jDigital store
=856  40$uhttp://www.hse.gov.uk/research/rrpdf/rr414.pdf
=985  \\$aCOBSI record
=CAT  \\$aBATCH-SURR$b00$c20091015$lBLL01$h1133
=CAT  \\$aBATCH$b00$c20091015$lBLL01$h1135
=CAT  \\$aBATCH-UPD$b00$c20091015$lBLL01$h1322
=CAT  \\$a7332$b40$c20091027$lBLL01$h1334
=CAT  \\$aW1711-1225$c20171203$lBLL01$h1035
=FIN  \\$aY$d20091015
=FMT  \\$a  BK
=LAS  \\$aW1711-1225$b00$c20171203$lBLL01$h1035
=SRC  \\$aCOBSI$b1bcobsi.lex
=STA  \\$aSUPPRESSED$bunable to determine reason for suppression

