=LDR  02081 am a2200529 a 4500
=001  015393358
=003  Uk
=005  20100323084415.0
=006  m||||||||d||||||||
=007  cr||||||||||||
=008  090219s2006\\\\enk\\\\\sb\\\o000|0\eng|\
=040  \\$aStDuBDS$beng$cStDuBDS
=042  \\$aukblsr
=050  \4$aGC214.G7
=082  04$a551.463091633$222
=245  00$aWeather safety in the North West approaches$h[electronic resource] :$ban implementation test using satellite data in assessing wave energy dynamics : summary report /$cP.D. Cotton ... [et al.].
=260  \\$aSudbury :$bHSE,$c2006.
=300  \\$a202 p. :$bdigital, PDF file.
=336  \\$atext$2rdacontent
=337  \\$acomputer$2rdamedia
=338  \\$aonline resource$2rdacarrier
=490  1\$aResearch report ;$v415
=500  \\$aTitle from PDF title page (viewed on 19 February 2009).
=500  \\$aPrepared by for the Health and Safety Executive.
=504  \\$aIncludes bibliographical references.
=530  \\$aAlso issued in print format.
=538  \\$aMode of access: World Wide Web.
=538  \\$aSystem requirements: Adobe Acrobat Reader.
=650  \0$aOcean waves$zNorth Atlantic Ocean$xMeasurement.
=650  \0$aOffshore oil industry$xRisk assessment$zGreat Britain.
=700  1\$aCotton, P. D.
=710  1\$aGreat Britain.$bHealth and Safety Executive.
=710  2\$aSatellite Observing Systems (Firm)
=830  \0$aResearch report (Great Britain. Health and Safety Executive) ;$v415.
=852  41$aBritish Library$bHMNTS$jDigital store
=856  40$uhttp://www.hse.gov.uk/research/rrpdf/rr415.pdf
=985  \\$aCOBSI record
=CAT  \\$aBATCH-SURR$b00$c20091015$lBLL01$h1133
=CAT  \\$aBATCH$b00$c20091015$lBLL01$h1135
=CAT  \\$aBATCH-UPD$b00$c20091015$lBLL01$h1322
=CAT  \\$a7332$b40$c20100323$lBLL01$h0844
=CAT  \\$aW1711-1225$c20171203$lBLL01$h1035
=FIN  \\$aY$d20091015
=FMT  \\$a  BK
=LAS  \\$aW1711-1225$b00$c20171203$lBLL01$h1035
=SRC  \\$aCOBSI$b1bcobsi.lex
=STA  \\$aSUPPRESSED$bunable to determine reason for suppression

