=LDR  02071 am a2200541 a 4500
=001  015393359
=003  Uk
=005  20100323085405.0
=006  m||||||||d||||||||
=007  cr||||||||||||
=008  090219s2006\\\\enk\\\\\sb\\\o000|0\eng|\
=040  \\$aStDuBDS$beng$cStDuBDS
=042  \\$aukblsr
=050  \4$aRA569
=082  04$a616.07575$222
=245  00$aInformation to accompany patients undergoing nuclear medicine procedures$h[electronic resource] /$cClaire Greaves ... [et al.].
=260  \\$aSudbury :$bHSE,$c2006.
=300  \\$a140 p. :$bdigital, PDF file.
=336  \\$atext$2rdacontent
=337  \\$acomputer$2rdamedia
=338  \\$aonline resource$2rdacarrier
=490  1\$aResearch report ;$v416
=500  \\$aTitle from PDF title page (viewed on 19 February 2009).
=500  \\$aPrepared by the Royal Surrey County Hospital and the University of Surrey for the Health and Safety Executive.
=504  \\$aIncludes bibliographical references.
=530  \\$aAlso issued in print format.
=538  \\$aMode of access: World Wide Web.
=538  \\$aSystem requirements: Adobe Acrobat Reader.
=650  \0$aNuclear medicine$xSafety measures.
=650  \0$aHealth risk communication.
=700  1\$aGreaves, Claire.
=710  1\$aGreat Britain.$bHealth and Safety Executive.
=710  2\$aRoyal Surrey County Hospital Trust.
=710  2\$aUniversity of Surrey.
=830  \0$aResearch report (Great Britain. Health and Safety Executive) ;$v416.
=852  41$aBritish Library$bHMNTS$jDigital store
=856  40$uhttp://www.hse.gov.uk/research/rrpdf/rr416.pdf
=985  \\$aCOBSI record
=CAT  \\$aBATCH-SURR$b00$c20091015$lBLL01$h1133
=CAT  \\$aBATCH$b00$c20091015$lBLL01$h1135
=CAT  \\$aBATCH-UPD$b00$c20091015$lBLL01$h1322
=CAT  \\$a7332$b40$c20100323$lBLL01$h0854
=CAT  \\$aW1711-1225$c20171203$lBLL01$h1035
=FIN  \\$aY$d20091015
=FMT  \\$a  BK
=LAS  \\$aW1711-1225$b00$c20171203$lBLL01$h1035
=SRC  \\$aCOBSI$b1bcobsi.lex
=STA  \\$aSUPPRESSED$bunable to determine reason for suppression

