=LDR  02364 am a2200589 a 4500
=001  015393361
=003  Uk
=005  20100414104917.0
=006  m||||||||d||||||||
=007  cr||||||||||||
=008  090219s2006\\\\enk\\\\\sb\\\o000|0\eng|\
=040  \\$aStDuBDS$beng$cStDuBDS
=042  \\$aukblsr
=050  \4$aHD7695
=082  04$a363.1060941$222
=100  1\$aMellor, Nadine.
=245  10$aLocal authority health and safety enforcement officer's perceptions of their support, information and training needs (SITNA)$h[electronic resource] /$cNadine Mellor, Caroline Sugden & Helen Balmforth.
=260  \\$aSudbury :$bHSE,$c2006.
=300  \\$a104 p. :$bdigital, PDF file.
=336  \\$atext$2rdacontent
=337  \\$acomputer$2rdamedia
=338  \\$aonline resource$2rdacarrier
=490  1\$aResearch report ;$v418
=500  \\$aTitle from PDF title page (viewed on 19 February 2009).
=500  \\$aPrepared by the Health and Safety Laboratory for the Health and Safety Executive.
=504  \\$aIncludes bibliographical references.
=530  \\$aAlso issued in print format.
=538  \\$aMode of access: World Wide Web.
=538  \\$aSystem requirements: Adobe Acrobat Reader.
=650  \0$aIndustrial safety$zGreat Britain.
=650  \0$aIndustrial hygiene$zGreat Britain.
=650  \0$aLocal officials and employees$zGreat Britain$xAttitudes.
=650  \0$aSafety education, Industrial$zGreat Britain.
=650  \0$aCommunication in industrial safety$zGreat Britain.
=700  1\$aSugden, Caroline.
=700  1\$aBalmforth, Helen.
=710  1\$aGreat Britain.$bHealth and Safety Executive.
=710  2\$aHealth and Safety Laboratory (Great Britain)
=830  \0$aResearch report (Great Britain. Health and Safety Executive) ;$v418.
=852  41$aBritish Library$bHMNTS$jDigital store
=856  40$uhttp://www.hse.gov.uk/research/rrpdf/rr418.pdf
=985  \\$aCOBSI record
=CAT  \\$aBATCH-SURR$b00$c20091015$lBLL01$h1133
=CAT  \\$aBATCH$b00$c20091015$lBLL01$h1135
=CAT  \\$aBATCH-UPD$b00$c20091015$lBLL01$h1322
=CAT  \\$a7332$b40$c20100414$lBLL01$h1049
=CAT  \\$aW1711-1225$c20171203$lBLL01$h1035
=FIN  \\$aY$d20091015
=FMT  \\$a  BK
=LAS  \\$aW1711-1225$b00$c20171203$lBLL01$h1035
=SRC  \\$aCOBSI$b1bcobsi.lex
=STA  \\$aSUPPRESSED$bunable to determine reason for suppression

