=LDR  01830 am a2200493 a 4500
=001  015393362
=003  Uk
=005  20171203103500.0
=006  m||||||||d||||||||
=007  cr||||||||||||
=008  090219s2006\\\\enk\\\\\sb\\\o000|0\eng|\
=040  \\$aStDuBDS$beng$cStDuBDS
=042  \\$aukblsr
=050  \4$aT55.3.P75
=082  04$a363.1172$222
=245  00$aEvidence base for identifying potential failures in the specification, use and maintenance of PPE at work$h[electronic resource] /$cBOMEL Limited.
=260  \\$aSudbury :$bHSE,$c2006.
=300  \\$a58 p. :$bdigital, PDF file.
=336  \\$atext$2rdacontent
=337  \\$acomputer$2rdamedia
=338  \\$aonline resource$2rdacarrier
=490  1\$aResearch report ;$v419
=500  \\$aTitle from PDF title page (viewed on 19 February 2009).
=504  \\$aIncludes bibliographical references.
=530  \\$aAlso issued in print format.
=538  \\$aMode of access: World Wide Web.
=538  \\$aSystem requirements: Adobe Acrobat Reader.
=650  \0$aProtective clothing$xEvaluation.
=650  \0$aIndustrial safety$zGreat Britain.
=710  1\$aGreat Britain.$bHealth and Safety Executive.
=710  2\$aBOMEL Limited.
=830  \0$aResearch report (Great Britain. Health and Safety Executive) ;$v419.
=852  41$aBritish Library$bHMNTS$jDigital store
=856  40$uhttp://www.hse.gov.uk/research/rrpdf/rr419.pdf
=985  \\$aCOBSI record
=CAT  \\$aBATCH-SURR$b00$c20091015$lBLL01$h1133
=CAT  \\$aBATCH$b00$c20091015$lBLL01$h1135
=CAT  \\$aBATCH-UPD$b00$c20091015$lBLL01$h1322
=CAT  \\$aW1711-1225$c20171203$lBLL01$h1035
=FIN  \\$aY$d20091015
=FMT  \\$a  BK
=LAS  \\$aW1711-1225$b00$c20171203$lBLL01$h1035
=SRC  \\$aCOBSI$b1bcobsi.lex
=STA  \\$aSUPPRESSED$bunable to determine reason for suppression

