=LDR  01996 am a2200529 a 4500
=001  015393363
=003  Uk
=005  20100414105602.0
=006  m||||||||d||||||||
=007  cr||||||||||||
=008  090219s2006\\\\enk\\\\\s\\\\o000|0\eng|\
=040  \\$aStDuBDS$beng$cStDuBDS
=042  \\$aukblsr
=050  \4$aHD6247.A27
=082  04$a331.3830941$222
=100  1\$aKnowles, David J.
=245  14$aThe demographics of children living and/or working on farms in Great Britain$h[electronic resource] /$cDavid J. Knowles.
=260  \\$aSudbury :$bHSE,$c2006.
=300  \\$a84 p. :$bdigital, PDF file.
=336  \\$atext$2rdacontent
=337  \\$acomputer$2rdamedia
=338  \\$aonline resource$2rdacarrier
=490  1\$aResearch report ;$v420
=500  \\$aTitle from PDF title page (viewed on 19 February 2009).
=500  \\$aPrepared by ADAS UK Limited for the Health and Safety Executive.
=530  \\$aAlso issued in print format.
=538  \\$aMode of access: World Wide Web.
=538  \\$aSystem requirements: Adobe Acrobat Reader.
=650  \0$aChild labor$zGreat Britain.
=650  \0$aRural children$zGreat Britain.
=650  \0$aFarms$zGreat Britain.
=710  1\$aGreat Britain.$bHealth and Safety Executive.
=710  1\$aGreat Britain.$bAgricultural Development and Advisory Service.
=830  \0$aResearch report (Great Britain. Health and Safety Executive) ;$v420.
=852  41$aBritish Library$bHMNTS$jDigital store
=856  40$uhttp://www.hse.gov.uk/research/rrpdf/rr420.pdf
=985  \\$aCOBSI record
=CAT  \\$aBATCH-SURR$b00$c20091015$lBLL01$h1133
=CAT  \\$aBATCH$b00$c20091015$lBLL01$h1135
=CAT  \\$aBATCH-UPD$b00$c20091015$lBLL01$h1322
=CAT  \\$a7332$b40$c20100414$lBLL01$h1056
=CAT  \\$aW1711-1225$c20171203$lBLL01$h1035
=FIN  \\$aY$d20091015
=FMT  \\$a  BK
=LAS  \\$aW1711-1225$b00$c20171203$lBLL01$h1035
=SRC  \\$aCOBSI$b1bcobsi.lex
=STA  \\$aSUPPRESSED$bunable to determine reason for suppression

