=LDR  02184 am a2200553 a 4500
=001  015393364
=003  Uk
=005  20171203103500.0
=006  m||||||||d||||||||
=007  cr||||||||||||
=008  090219s2006\\\\enk\\\\\sb\\\o000|0\eng|\
=040  \\$aStDuBDS$beng$cStDuBDS
=042  \\$aukblsr
=050  \4$aTF610
=082  04$a363.1220941$222
=245  00$aOrganisational dynamics and safety culture in UK train operating companies$h[electronic resource] /$cAndrew Weyman ... [et al.].
=260  \\$aSudbury :$bHSE,$c2006.
=300  \\$a118 p. :$bdigital, PDF file.
=336  \\$atext$2rdacontent
=337  \\$acomputer$2rdamedia
=338  \\$aonline resource$2rdacarrier
=490  1\$aResearch report ;$v421
=500  \\$aTitle from PDF title page (viewed on 19 February 2009).
=500  \\$aPrepared by the Health and Safety Laboratory and the University of East Anglia for the Health and Safety Executive.
=504  \\$aIncludes bibliographical references.
=530  \\$aAlso issued in print format.
=538  \\$aMode of access: World Wide Web.
=538  \\$aSystem requirements: Adobe Acrobat Reader.
=650  \0$aRailroads$zGreat Britain$xEmployees$xAttitudes.
=650  \0$aRailroad companies$zGreat Britain$xManagement.
=650  \0$aRailroads$zGreat Britain$xSafety measures.
=650  \0$aCorporate culture$zGreat Britain.
=700  1\$aWeyman, Andy.
=710  1\$aGreat Britain.$bHealth and Safety Executive.
=710  2\$aHealth and Safety Laboratory (Great Britain)
=710  2\$aUniversity of East Anglia.
=830  \0$aResearch report (Great Britain. Health and Safety Executive) ;$v421.
=852  41$aBritish Library$bHMNTS$jDigital store
=856  40$uhttp://www.hse.gov.uk/research/rrpdf/rr421.pdf
=985  \\$aCOBSI record
=CAT  \\$aBATCH-SURR$b00$c20091015$lBLL01$h1133
=CAT  \\$aBATCH$b00$c20091015$lBLL01$h1135
=CAT  \\$aBATCH-UPD$b00$c20091015$lBLL01$h1322
=CAT  \\$aW1711-1225$c20171203$lBLL01$h1035
=FIN  \\$aY$d20091015
=FMT  \\$a  BK
=LAS  \\$aW1711-1225$b00$c20171203$lBLL01$h1035
=SRC  \\$aCOBSI$b1bcobsi.lex
=STA  \\$aSUPPRESSED$bunable to determine reason for suppression

