=LDR  02199 am a2200553 a 4500
=001  015393365
=003  Uk
=005  20100414111126.0
=006  m||||||||d||||||||
=007  cr||||||||||||
=008  090219s2006\\\\enk\\\\\sb\\\o000|0\eng|\
=040  \\$aStDuBDS$beng$cStDuBDS
=042  \\$aukblsr
=050  \4$aTH443
=082  04$a690.220941$222
=100  1\$aCarpenter, J.$q(John)
=245  10$aDeveloping guidelines for the selection of designers and contractors under the Construction (Design and Management) Regulations 1994$h[electronic resource] /$cJohn Carpenter.
=260  \\$aSudbury :$bHSE,$c2006.
=300  \\$a150 p. :$bdigital, PDF file.
=336  \\$atext$2rdacontent
=337  \\$acomputer$2rdamedia
=338  \\$aonline resource$2rdacarrier
=490  1\$aResearch report ;$v422
=500  \\$aTitle from PDF title page (viewed on 19 February 2009).
=500  \\$aPrepared by jzcarpenter Limited for the Health and Safety Executive.
=504  \\$aIncludes bibliographical references.
=530  \\$aAlso issued in print format.
=538  \\$aMode of access: World Wide Web.
=538  \\$aSystem requirements: Adobe Acrobat Reader.
=650  \0$aConstruction industry$xSafety regulations$zGreat Britain.
=650  \0$aConstruction industry$xCertification$zGreat Britain.
=650  \0$aCore competencies$zGreat Britain.
=650  \0$aContractors$xSelection and appointment$zGreat Britain.
=710  1\$aGreat Britain.$bHealth and Safety Executive.
=710  2\$ajzcarpenter Limited.
=830  \0$aResearch report (Great Britain. Health and Safety Executive) ;$v422.
=852  41$aBritish Library$bHMNTS$jDigital store
=856  40$uhttp://www.hse.gov.uk/research/rrpdf/rr422.pdf
=985  \\$aCOBSI record
=CAT  \\$aBATCH-SURR$b00$c20091015$lBLL01$h1133
=CAT  \\$aBATCH$b00$c20091015$lBLL01$h1135
=CAT  \\$aBATCH-UPD$b00$c20091015$lBLL01$h1322
=CAT  \\$a7332$b40$c20100414$lBLL01$h1111
=CAT  \\$aW1711-1225$c20171203$lBLL01$h1035
=FIN  \\$aY$d20091015
=FMT  \\$a  BK
=LAS  \\$aW1711-1225$b00$c20171203$lBLL01$h1035
=SRC  \\$aCOBSI$b1bcobsi.lex
=STA  \\$aSUPPRESSED$bunable to determine reason for suppression

