=LDR  02165 am a2200541 a 4500
=001  015393369
=003  Uk
=005  20130507112300.0
=006  m||||||||d||||||||
=007  cr||||||||||||
=008  090220s2006\\\\enk\\\\\sb\\\o000|0\eng|\
=040  \\$aStDuBDS$beng$cStDuBDS
=042  \\$aukblsr
=050  \4$aRA1245
=082  04$a615.91072$222
=245  02$aA methodology to prioritise substances for possible further development of Acute Exposure Threshold Levels (AETLs)$h[electronic resource] /$cMary Trainor ... [et al.].
=260  \\$aSudbury :$bHSE,$c2006.
=300  \\$a106 p. :$bdigital, PDF file.
=336  \\$atext$2rdacontent
=337  \\$acomputer$2rdamedia
=338  \\$aonline resource$2rdacarrier
=490  1\$aResearch report ;$v426
=500  \\$aTitle from PDF title page (viewed on 20 February 2009).
=500  \\$aPrepared by the Health and Safety Laboratory for the Health and Safety Executive.
=504  \\$aIncludes bibliographical references.
=530  \\$aAlso issued in print format.
=538  \\$aMode of access: World Wide Web.
=538  \\$aSystem requirements: Adobe Acrobat Reader.
=650  \0$aGases, Asphyxiating and poisonous$xToxicology$xResearch$xMethodology.
=700  1\$aTrainor, Mary$q(Mary Therese).
=710  1\$aGreat Britain.$bHealth and Safety Executive.
=710  2\$aHealth and Safety Laboratory (Great Britain)
=830  \0$aResearch report (Great Britain. Health and Safety Executive) ;$v426.
=852  41$aBritish Library$bHMNTS$jDigital store
=856  40$uhttp://www.hse.gov.uk/research/rrpdf/rr426.pdf
=985  \\$aCOBSI record
=CAT  \\$aBATCH-SURR$b00$c20091015$lBLL01$h1133
=CAT  \\$aBATCH$b00$c20091015$lBLL01$h1135
=CAT  \\$aBATCH-UPD$b00$c20091015$lBLL01$h1322
=CAT  \\$a5100$b40$c20130507$lBLL01$h1123
=CAT  \\$aBATCH-UPD$b40$c20130507$lBLL01$h1123
=CAT  \\$aW1711-1225$c20171203$lBLL01$h1035
=CAT  \\$aBATCH-UPD$b00$c20171203$lBLL01$h1304
=FIN  \\$aY$d20091015
=FMT  \\$a  BK
=LAS  \\$aBATCH-UPD$b00$c20171203$lBLL01$h1304
=SRC  \\$aCOBSI$b1bcobsi.lex
=STA  \\$aSUPPRESSED$bunable to determine reason for suppression

