=LDR  02040 am a2200553 a 4500
=001  015393370
=003  Uk
=005  20100819171609.0
=006  m||||||||d||||||||
=007  cr||||||||||||
=008  090220s2006\\\\enk\\\\\sb\\\o000|0\eng|\
=040  \\$aStDuBDS$beng$cStDuBDS
=042  \\$aukblsr
=050  \4$aGV838.674.S24
=082  04$a363.146$222
=100  1\$aAnthony, T. G.$q(Thomas Gavin),$d1956-
=245  10$aMoisture levels in compressed breathing air$h[electronic resource] /$cT.G. Anthony & P.R. Clarke.
=260  \\$aSudbury :$bHSE,$c2006.
=300  \\$a26 p. :$bdigital, PDF file.
=336  \\$atext$2rdacontent
=337  \\$acomputer$2rdamedia
=338  \\$aonline resource$2rdacarrier
=490  1\$aResearch report ;$v427
=500  \\$aTitle from PDF title page (viewed on 20 February 2009).
=500  \\$aPrepared by QinetiQ Limited for the Health and Safety Executive.
=504  \\$aIncludes bibliographical references.
=530  \\$aAlso issued in print format.
=538  \\$aMode of access: World Wide Web.
=538  \\$aSystem requirements: Adobe Acrobat Reader.
=650  \0$aHumidity.
=650  \0$aCompressed air$xSafety measures.
=650  \0$aScuba diving$xEquipment and supplies$xStandards.
=700  1\$aClarke, P. R.
=710  1\$aGreat Britain.$bHealth and Safety Executive.
=710  2\$aQinetiQ (Firm)
=830  \0$aResearch report (Great Britain. Health and Safety Executive) ;$v427.
=852  41$aBritish Library$bHMNTS$jDigital store
=856  40$uhttp://www.hse.gov.uk/research/rrpdf/rr427.pdf
=985  \\$aCOBSI record
=CAT  \\$aBATCH-SURR$b00$c20091015$lBLL01$h1133
=CAT  \\$aBATCH$b00$c20091015$lBLL01$h1135
=CAT  \\$aBATCH-UPD$b00$c20091015$lBLL01$h1322
=CAT  \\$a12181$b40$c20100819$lBLL01$h1716
=CAT  \\$aW1711-1225$c20171203$lBLL01$h1035
=FIN  \\$aY$d20091015
=FMT  \\$a  BK
=LAS  \\$aW1711-1225$b00$c20171203$lBLL01$h1035
=SRC  \\$aCOBSI$b1bcobsi.lex
=STA  \\$aSUPPRESSED$bunable to determine reason for suppression

