=LDR  02263 am a2200577 a 4500
=001  015393372
=003  Uk
=005  20100819170237.0
=006  m||||||||d||||||||
=007  cr||||||||||||
=008  090220s2006\\\\enk\\\\\sb\\\o000|0\eng|\
=040  \\$aStDuBDS$beng$cStDuBDS
=042  \\$aukblsr
=050  \4$aTC1665
=082  04$a627.98$222
=100  1\$aIoannis, Moatsos.
=245  10$aStructural reliability framework for floating production, storage and offloading vessels/floating surface units.$pPhase II$h[electronic resource] /$cMoatsos Ioannis, Purnendu K. Das.
=260  \\$aSudbury :$bHSE,$c2006.
=300  \\$a94 p. :$bdigital, PDF file.
=336  \\$atext$2rdacontent
=337  \\$acomputer$2rdamedia
=338  \\$aonline resource$2rdacarrier
=490  1\$aResearch report ;$v429
=500  \\$aTitle from PDF title page (viewed on 20 February 2009).
=500  \\$aPrepared by the Universities of Glasgow and Strathclyde for the Health and Safety Executive.
=504  \\$aIncludes bibliographical references.
=530  \\$aAlso issued in print format.
=538  \\$aMode of access: World Wide Web.
=538  \\$aSystem requirements: Adobe Acrobat Reader.
=650  \0$aOffshore structures$xRisk assessment.
=650  \0$aOffshore support vessels$xRisk assessment.
=650  \0$aStructural analysis (Engineering)
=700  1\$aDas, P. K.$q(Purnendu K.).
=710  1\$aGreat Britain.$bHealth and Safety Executive.
=710  2\$aUniversity of Glasgow.
=710  2\$aUniversity of Strathclyde.
=830  \0$aResearch report (Great Britain. Health and Safety Executive) ;$v429.
=852  41$aBritish Library$bHMNTS$jDigital store
=856  40$uhttp://www.hse.gov.uk/research/rrpdf/rr429.pdf
=985  \\$aCOBSI record
=CAT  \\$aBATCH-SURR$b00$c20091015$lBLL01$h1133
=CAT  \\$aBATCH$b00$c20091015$lBLL01$h1135
=CAT  \\$aBATCH-UPD$b00$c20091015$lBLL01$h1322
=CAT  \\$a12181$b40$c20100819$lBLL01$h1702
=CAT  \\$aW1711-1225$c20171203$lBLL01$h1035
=CAT  \\$aBATCH-UPD$b00$c20171203$lBLL01$h1304
=FIN  \\$aY$d20091015
=FMT  \\$a  BK
=LAS  \\$aBATCH-UPD$b00$c20171203$lBLL01$h1304
=SRC  \\$aCOBSI$b1bcobsi.lex
=STA  \\$aSUPPRESSED$bunable to determine reason for suppression

