=LDR  02092 am a2200553 a 4500
=001  015393373
=003  Uk
=005  20100819163544.0
=006  m||||||||d||||||||
=007  cr||||||||||||
=008  090222s2006\\\\enk\\\\\sb\\\o000|0\eng|\
=040  \\$aStDuBDS$beng$cStDuBDS
=042  \\$aukblsr
=050  \4$aTJ778
=082  04$a621.433$222
=100  1\$aWall, M.
=245  10$aOffshore gas turbines (and major driven equipment) integrity and inspection guidance notes$h[electronic resource] /$cMartin Wall, Richard Lee & Simon Frost.
=260  \\$aSudbury :$bHSE,$c2006.
=300  \\$a214 p. :$bdigital, PDF file.
=336  \\$atext$2rdacontent
=337  \\$acomputer$2rdamedia
=338  \\$aonline resource$2rdacarrier
=490  1\$aResearch report ;$v430
=500  \\$aTitle from PDF title page (viewed on 22 February 2009).
=500  \\$aPrepared by ESR Technology Ltd. for the Health and Safety Executive.
=504  \\$aIncludes bibliographical references.
=530  \\$aAlso issued in print format.
=538  \\$aMode of access: World Wide Web.
=538  \\$aSystem requirements: Adobe Acrobat Reader.
=650  \0$aGas-turbines$xRisk assessment.
=650  \0$aOffshore oil industry$xEquipment and supplies$xRisk assessment.
=700  1\$aLee, Richard.
=700  1\$aFrost, Simon.
=710  1\$aGreat Britain.$bHealth and Safety Executive.
=710  2\$aESR Technology Limited.
=830  \0$aResearch report (Great Britain. Health and Safety Executive) ;$v430.
=852  41$aBritish Library$bHMNTS$jDigital store
=856  40$uhttp://www.hse.gov.uk/research/rrpdf/rr430.pdf
=985  \\$aCOBSI record
=CAT  \\$aBATCH-SURR$b00$c20091015$lBLL01$h1133
=CAT  \\$aBATCH$b00$c20091015$lBLL01$h1135
=CAT  \\$aBATCH-UPD$b00$c20091015$lBLL01$h1322
=CAT  \\$a12181$b40$c20100819$lBLL01$h1635
=CAT  \\$aW1711-1225$c20171203$lBLL01$h1035
=FIN  \\$aY$d20091015
=FMT  \\$a  BK
=LAS  \\$aW1711-1225$b00$c20171203$lBLL01$h1035
=SRC  \\$aCOBSI$b1bcobsi.lex
=STA  \\$aSUPPRESSED$bunable to determine reason for suppression

