=LDR  02019 am a2200541 a 4500
=001  015393374
=003  Uk
=005  20100323110002.0
=006  m||||||||d||||||||
=007  cr||||||||||||
=008  090222s2006\\\\enk\\\\\sb\\\o000|0\eng|\
=040  \\$aStDuBDS$beng$cStDuBDS
=042  \\$aukblsr
=050  \4$aHF5548.85
=082  04$a158.72$222
=100  1\$aBond, Frank W.
=245  12$aA business case for the management standards for stress$h[electronic resource] /$cFrank W. Bond, Paul E. Flaxman, Sharon Loivette.
=260  \\$aSudbury :$bHSE,$c2006.
=300  \\$a46 p. :$bdigital, PDF file.
=336  \\$atext$2rdacontent
=337  \\$acomputer$2rdamedia
=338  \\$aonline resource$2rdacarrier
=490  1\$aResearch report ;$v431
=500  \\$aTitle from PDF title page (viewed on 22 February 2009).
=500  \\$aPrepared by the University of London for the Health and Safety Executive.
=504  \\$aIncludes bibliographical references.
=530  \\$aAlso issued in print format.
=538  \\$aMode of access: World Wide Web.
=538  \\$aSystem requirements: Adobe Acrobat Reader.
=650  \0$aJob stress$xPrevention$xEconomic aspects.
=700  1\$aFlaxman, Paul Edward.
=700  1\$aLoivette, Sharon.
=710  1\$aGreat Britain.$bHealth and Safety Executive.
=710  2\$aUniversity of London.
=830  \0$aResearch report (Great Britain. Health and Safety Executive) ;$v431.
=852  41$aBritish Library$bHMNTS$jDigital store
=856  40$uhttp://www.hse.gov.uk/research/rrpdf/rr431.pdf
=985  \\$aCOBSI record
=CAT  \\$aBATCH-SURR$b00$c20091015$lBLL01$h1133
=CAT  \\$aBATCH$b00$c20091015$lBLL01$h1135
=CAT  \\$aBATCH-UPD$b00$c20091015$lBLL01$h1322
=CAT  \\$a7332$b40$c20100323$lBLL01$h1100
=CAT  \\$aW1711-1225$c20171203$lBLL01$h1035
=FIN  \\$aY$d20091015
=FMT  \\$a  BK
=LAS  \\$aW1711-1225$b00$c20171203$lBLL01$h1035
=SRC  \\$aCOBSI$b1bcobsi.lex
=STA  \\$aSUPPRESSED$bunable to determine reason for suppression

