=LDR  02103 am a2200565 a 4500
=001  015393377
=003  Uk
=005  20100819141436.0
=006  m||||||||d||||||||
=007  cr||||||||||||
=008  090222s2006\\\\enk\\\\\sb\\\o000|0\eng|\
=040  \\$aStDuBDS$beng$cStDuBDS
=042  \\$aukblsr
=050  \4$aTJ1350
=082  04$a621.862$222
=100  1\$aMcCann, Paul,$d1967-
=245  10$aAxial fatigue tests on wire rope slings used for offshore containers$h[electronic resource] /$cPaul McCann & David T. Smith.
=260  \\$aSudbury :$bHSE,$c2006.
=300  \\$a22 p. :$bdigital, PDF file.
=336  \\$atext$2rdacontent
=337  \\$acomputer$2rdamedia
=338  \\$aonline resource$2rdacarrier
=490  1\$aResearch report ;$v434
=500  \\$aTitle from PDF title page (viewed on 22 February 2009).
=500  \\$aPrepared by for the Health and Safety Executive.
=504  \\$aIncludes bibliographical references.
=530  \\$aAlso issued in print format.
=538  \\$aMode of access: World Wide Web.
=538  \\$aSystem requirements: Adobe Acrobat Reader.
=650  \0$aWire rope$xFatigue.
=650  \0$aAxial loads.
=650  \0$aOffshore oil industry$xEquipment and supplies$xTesting.
=700  1\$aSmith, David T.
=710  1\$aGreat Britain.$bHealth and Safety Executive.
=710  2\$aHealth and Safety Laboratory (Great Britain)
=830  \0$aResearch report (Great Britain. Health and Safety Executive) ;$v434.
=852  41$aBritish Library$bHMNTS$jDigital store
=856  40$uhttp://www.hse.gov.uk/research/rrpdf/rr434.pdf
=985  \\$aCOBSI record
=CAT  \\$aBATCH-SURR$b00$c20091015$lBLL01$h1133
=CAT  \\$aBATCH$b00$c20091015$lBLL01$h1135
=CAT  \\$aBATCH-UPD$b00$c20091015$lBLL01$h1322
=CAT  \\$a5100$b40$c20100818$lBLL01$h1308
=CAT  \\$a12181$b40$c20100819$lBLL01$h1414
=CAT  \\$aW1711-1225$c20171203$lBLL01$h1035
=FIN  \\$aY$d20091015
=FMT  \\$a  BK
=LAS  \\$aW1711-1225$b00$c20171203$lBLL01$h1035
=SRC  \\$aCOBSI$b1bcobsi.lex
=STA  \\$aSUPPRESSED$bunable to determine reason for suppression

