=LDR  02175 am a2200565 a 4500
=001  015393380
=003  Uk
=005  20100819125651.0
=006  m||||||||d||||||||
=007  cr||||||||||||
=008  090222s2006\\\\enk\\\\\sb\\\o000|0\eng|\
=040  \\$aStDuBDS$beng$cStDuBDS
=042  \\$aukblsr
=050  \4$aHD7269.M795
=082  04$a363.12$222
=100  1\$aScott, Anita.
=245  14$aThe underlying causes of falls from vehicles associated with slip and trip hazards on steps and floors$h[electronic resource] /$cAnita Scott, Mary Miller & Kevin Hallas.
=260  \\$aSudbury :$bHSE,$c2006.
=300  \\$a86 p. :$bdigital, PDF file.
=336  \\$atext$2rdacontent
=337  \\$acomputer$2rdamedia
=338  \\$aonline resource$2rdacarrier
=490  1\$aResearch report ;$v437
=500  \\$aTitle from PDF title page (viewed on 22 February 2009).
=500  \\$aPrepared by the Health and Safety Laboratory for the Health and Safety Executive.
=504  \\$aIncludes bibliographical references.
=530  \\$aAlso issued in print format.
=538  \\$aMode of access: World Wide Web.
=538  \\$aSystem requirements: Adobe Acrobat Reader.
=650  \0$aFalls (Accidents)
=650  \0$aProfessional motor vehicle drivers$xHealth and hygiene.
=650  \0$aFalls (Accidents)$xPrevention.
=700  1\$aMiller, Mary.
=700  1\$aHallas, Kevin.
=710  1\$aGreat Britain.$bHealth and Safety Executive.
=710  2\$aHealth and Safety Laboratory (Great Britain)
=830  \0$aResearch report (Great Britain. Health and Safety Executive) ;$v437.
=852  41$aBritish Library$bHMNTS$jDigital store
=856  40$uhttp://www.hse.gov.uk/research/rrpdf/rr437.pdf
=985  \\$aCOBSI record
=CAT  \\$aBATCH-SURR$b00$c20091015$lBLL01$h1133
=CAT  \\$aBATCH$b00$c20091015$lBLL01$h1135
=CAT  \\$aBATCH-UPD$b00$c20091015$lBLL01$h1322
=CAT  \\$a12181$b40$c20100819$lBLL01$h1256
=CAT  \\$aW1711-1225$c20171203$lBLL01$h1035
=FIN  \\$aY$d20091015
=FMT  \\$a  BK
=LAS  \\$aW1711-1225$b00$c20171203$lBLL01$h1035
=SRC  \\$aCOBSI$b1bcobsi.lex
=STA  \\$aSUPPRESSED$bunable to determine reason for suppression

