=LDR  01965 am a2200529 a 4500
=001  015393386
=003  Uk
=005  20100804143500.0
=006  m||||||||d||||||||
=007  cr||||||||||||
=008  090223s2006\\\\enk\\\\\sb\\\o000|0\eng|\
=040  \\$aStDuBDS$beng$cStDuBDS
=042  \\$aukblsr
=050  \4$aRA765
=082  04$a614.48$222
=100  1\$aNiven, Karen J. M.
=245  13$aAn evaluation of chemical disinfecting agents used in endoscopy suites in the NHS$h[electronic resource] /$cKaren Niven.
=260  \\$aSudbury :$bHSE,$c2006.
=300  \\$a34 p. :$bdigital, PDF file.
=336  \\$atext$2rdacontent
=337  \\$acomputer$2rdamedia
=338  \\$aonline resource$2rdacarrier
=490  1\$aResearch report ;$v445
=500  \\$aTitle from PDF title page (viewed on 23 February 2009).
=504  \\$aIncludes bibliographical references.
=530  \\$aAlso issued in print format.
=538  \\$aMode of access: World Wide Web.
=538  \\$aSystem requirements: Adobe Acrobat Reader.
=650  \0$aEndoscopes$xSanitation.
=650  \0$aDisinfection and disinfectants$xEvaluation.
=650  \0$aDisinfection and disinfectants$xHealth aspects.
=710  1\$aGreat Britain.$bHealth and Safety Executive.
=830  \0$aResearch report (Great Britain. Health and Safety Executive) ;$v445.
=852  41$aBritish Library$bHMNTS$jDigital store
=856  40$uhttp://www.hse.gov.uk/research/rrpdf/rr445.pdf
=985  \\$aCOBSI record
=CAT  \\$aBATCH-SURR$b00$c20091015$lBLL01$h1133
=CAT  \\$aBATCH$b00$c20091015$lBLL01$h1135
=CAT  \\$aBATCH-UPD$b00$c20091015$lBLL01$h1322
=CAT  \\$a12181$b40$c20100804$lBLL01$h1434
=CAT  \\$a12181$b40$c20100804$lBLL01$h1435
=CAT  \\$aW1711-1225$c20171203$lBLL01$h1035
=FIN  \\$aY$d20091015
=FMT  \\$a  BK
=LAS  \\$aW1711-1225$b00$c20171203$lBLL01$h1035
=SRC  \\$aCOBSI$b1bcobsi.lex
=STA  \\$aSUPPRESSED$bunable to determine reason for suppression

