=LDR  02255 am a2200589 a 4500
=001  015393387
=003  Uk
=005  20100819111209.0
=006  m||||||||d||||||||
=007  cr||||||||||||
=008  090223s2006\\\\enk\\\\\sb\\\o000|0\eng|\
=040  \\$aStDuBDS$beng$cStDuBDS
=042  \\$aukblsr
=050  \4$aRC963.5.S54
=082  04$a616.9803$222
=100  1\$aSpencer, M. B.
=245  14$aThe development of a fatigue/risk index for shiftworkers$h[electronic resource] /$cM.B. Spencer, K.A. Robertson & S. Folkard.
=260  \\$aSudbury :$bHSE,$c2006.
=300  \\$a82 p. :$bdigital, PDF file.
=336  \\$atext$2rdacontent
=337  \\$acomputer$2rdamedia
=338  \\$aonline resource$2rdacarrier
=490  1\$aResearch report ;$v446
=500  \\$aTitle from PDF title page (viewed on 23 February 2009).
=500  \\$aPrepared by QinetiQ Centre for Human Sciences & Simon Folkard Associates Limited for the Health and Safety Executive.
=504  \\$aIncludes bibliographical references.
=530  \\$aAlso issued in print format.
=538  \\$aMode of access: World Wide Web.
=538  \\$aSystem requirements: Adobe Acrobat Reader.
=650  \0$aShift systems$xPhysiological aspects.
=650  \0$aFatigue.
=650  \0$aShift systems$xRisk assessment.
=700  1\$aRobertson, K. A.$q(Karen A.).
=700  1\$aFolkard, Simon.
=710  1\$aGreat Britain.$bHealth and Safety Executive.
=710  2\$aQinetiQ (Firm).$bCentre for Human Sciences.
=710  2\$aSimon Folkard Associates.
=830  \0$aResearch report (Great Britain. Health and Safety Executive) ;$v446.
=852  41$aBritish Library$bHMNTS$jDigital store
=856  40$uhttp://www.hse.gov.uk/research/rrpdf/rr446.pdf
=985  \\$aCOBSI record
=CAT  \\$aBATCH-SURR$b00$c20091015$lBLL01$h1133
=CAT  \\$aBATCH$b00$c20091015$lBLL01$h1135
=CAT  \\$aBATCH-UPD$b00$c20091015$lBLL01$h1322
=CAT  \\$a12181$b40$c20100819$lBLL01$h1112
=CAT  \\$aBATCH-UPD$b40$c20171023$lBLL01$h2025
=CAT  \\$aW1711-1225$c20171203$lBLL01$h1035
=FIN  \\$aY$d20091015
=FMT  \\$a  BK
=LAS  \\$aW1711-1225$b00$c20171203$lBLL01$h1035
=SRC  \\$aCOBSI$b1bcobsi.lex
=STA  \\$aSUPPRESSED$bunable to determine reason for suppression

