=LDR  02098 am a2200553 a 4500
=001  015393390
=003  Uk
=005  20100804125417.0
=006  m||||||||d||||||||
=007  cr||||||||||||
=008  090223s2006\\\\enk\\\\\sb\\\o000|0\eng|\
=040  \\$aStDuBDS$beng$cStDuBDS
=042  \\$aukblsr
=050  \4$aRC963.48
=082  04$a616.9803$222
=100  10$aCox, Tom,$d1947-
=245  10$aDefining a case of work-related stress$h[electronic resource] /$cTom Cox, Amanda Griffiths, Jonathan Houdmont.
=260  \\$aSudbury :$bHSE,$c2006.
=300  \\$a128 p. :$bdigital, PDF file.
=336  \\$atext$2rdacontent
=337  \\$acomputer$2rdamedia
=338  \\$aonline resource$2rdacarrier
=490  1\$aResearch report ;$v449
=500  \\$aTitle from PDF title page (viewed on 23 February 2009).
=500  \\$aPrepared by the Institute of Work, Health and Organisations for the Health and Safety Executive.
=504  \\$aIncludes bibliographical references.
=530  \\$aAlso issued in print format.
=538  \\$aMode of access: World Wide Web.
=538  \\$aSystem requirements: Adobe Acrobat Reader.
=650  \0$aJob stress$xIdentification$xStandards.
=700  1\$aGriffiths, Amanda.
=700  1\$aHoudmont, Jonathan.
=710  1\$aGreat Britain.$bHealth and Safety Executive.
=710  2\$aInstitute of Work, Health and Organisations.
=830  \0$aResearch report (Great Britain. Health and Safety Executive) ;$v449.
=852  41$aBritish Library$bHMNTS$jDigital store
=856  40$uhttp://www.hse.gov.uk/research/rrpdf/rr449.pdf
=985  \\$aCOBSI record
=CAT  \\$aBATCH-SURR$b00$c20091015$lBLL01$h1133
=CAT  \\$aBATCH$b00$c20091015$lBLL01$h1135
=CAT  \\$aBATCH-UPD$b00$c20091015$lBLL01$h1322
=CAT  \\$a12181$b40$c20100804$lBLL01$h1254
=CAT  \\$aW1711-1225$c20171203$lBLL01$h1035
=CAT  \\$aBATCH-UPD$b00$c20171203$lBLL01$h1305
=FIN  \\$aY$d20091015
=FMT  \\$a  BK
=LAS  \\$aBATCH-UPD$b00$c20171203$lBLL01$h1305
=SRC  \\$aCOBSI$b1bcobsi.lex
=STA  \\$aSUPPRESSED$bunable to determine reason for suppression

