=LDR  02470 am a2200601 a 4500
=001  015393392
=003  Uk
=005  20151201100648.0
=006  m||||||||d||||||||
=007  cr||||||||||||
=008  090223s2006\\\\enk\\\\\sb\\\o000|0\eng|\
=040  \\$aStDuBDS$beng$cStDuBDS
=042  \\$aukblsr
=050  \4$aHD7695
=082  04$a658.4080941$222
=100  10$aWright, Frank B.$q(Frank Beverley),$d1947-
=245  10$aDirectors' responsibilities for health and safety$h[electronic resource] :$ba peer review of three key pieces of published research /$cFrank B. Wright.
=260  \\$aSudbury :$bHSE,$c2006.
=300  \\$a66 p. :$bdigital, PDF file.
=336  \\$atext$2rdacontent
=337  \\$acomputer$2rdamedia
=338  \\$aonline resource$2rdacarrier
=490  1\$aResearch report ;$v451
=500  \\$aTitle from PDF title page (viewed on 23 February 2009).
=500  \\$aPrepared by Salford University & Middlesex University Business School for the Health and Safety Executive.
=500  \\$aContains report by Philip James.
=504  \\$aIncludes bibliographical references.
=530  \\$aAlso issued in print format.
=538  \\$aMode of access: World Wide Web.
=538  \\$aSystem requirements: Adobe Acrobat Reader.
=650  \0$aIndustrial hygiene$xManagement$xResearch$zGreat Britain$xEvaluation.
=650  \0$aIndustrial safety$xManagement$xResearch$zGreat Britain$xEvaluation.
=700  1\$aJames, Philip$c(Professor of employment relations)
=710  1\$aGreat Britain.$bHealth and Safety Executive.
=710  2\$aUniversity of Salford.
=710  2\$aMiddlesex University.$bBusiness School.
=830  \0$aResearch report (Great Britain. Health and Safety Executive) ;$v451.
=852  41$aBritish Library$bHMNTS$jDigital store
=856  40$uhttp://www.hse.gov.uk/research/rrpdf/rr451.pdf
=985  \\$aCOBSI record
=CAT  \\$aBATCH-SURR$b00$c20091015$lBLL01$h1133
=CAT  \\$aBATCH$b00$c20091015$lBLL01$h1135
=CAT  \\$aBATCH-UPD$b00$c20091015$lBLL01$h1322
=CAT  \\$a12181$b40$c20101007$lBLL01$h1353
=CAT  \\$aBATCH-UPD$b40$c20141220$lBLL01$h2133
=CAT  \\$a7416$b40$c20151201$lBLL01$h1006
=CAT  \\$aBATCH-UPD$b40$c20151205$lBLL01$h1758
=CAT  \\$aW1711-1225$c20171203$lBLL01$h1035
=FIN  \\$aY$d20091015
=FMT  \\$a  BK
=LAS  \\$aW1711-1225$b00$c20171203$lBLL01$h1035
=SRC  \\$aCOBSI$b1bcobsi.lex
=STA  \\$aSUPPRESSED$bunable to determine reason for suppression

