=LDR  02067 am a2200553 a 4500
=001  015393394
=003  Uk
=005  20100804123544.0
=006  m||||||||d||||||||
=007  cr||||||||||||
=008  090223s2006\\\\enk\\\\\sb\\\o000|0\eng|\
=040  \\$aStDuBDS$beng$cStDuBDS
=042  \\$aukblsr
=050  \4$aTA815
=082  04$a624.193$222
=100  1\$aLance, Guy A.
=245  14$aThe risk to third parties from bored tunnelling in soft ground$h[electronic resource] /$cGuy A. Lance, John M. Anderson.
=260  \\$aSudbury :$bHSE,$c2006.
=300  \\$a78 p. :$bdigital, PDF file.
=336  \\$atext$2rdacontent
=337  \\$acomputer$2rdamedia
=338  \\$aonline resource$2rdacarrier
=490  1\$aResearch report ;$v453
=500  \\$aTitle from PDF title page (viewed on 23 February 2009).
=500  \\$aPrepared by W.S. Atkins for the Health and Safety Executive.
=504  \\$aIncludes bibliographical references.
=530  \\$aAlso issued in print format.
=538  \\$aMode of access: World Wide Web.
=538  \\$aSystem requirements: Adobe Acrobat Reader.
=650  \0$aTunneling$xRisk assessment.
=650  \0$aTunneling$xSafety measures.
=700  1\$aAnderson, John M.$q(John Muter),$d1940-
=710  1\$aGreat Britain.$bHealth and Safety Executive.
=710  2\$aWS Atkins International Limited.
=830  \0$aResearch report (Great Britain. Health and Safety Executive) ;$v453.
=852  41$aBritish Library$bHMNTS$jDigital store
=856  40$uhttp://www.hse.gov.uk/research/rrpdf/rr453.pdf
=985  \\$aCOBSI record
=CAT  \\$aBATCH-SURR$b00$c20091015$lBLL01$h1133
=CAT  \\$aBATCH$b00$c20091015$lBLL01$h1135
=CAT  \\$aBATCH-UPD$b00$c20091015$lBLL01$h1322
=CAT  \\$a12181$b40$c20100804$lBLL01$h1046
=CAT  \\$a12181$b40$c20100804$lBLL01$h1235
=CAT  \\$aW1711-1225$c20171203$lBLL01$h1035
=FIN  \\$aY$d20091015
=FMT  \\$a  BK
=LAS  \\$aW1711-1225$b00$c20171203$lBLL01$h1035
=SRC  \\$aCOBSI$b1bcobsi.lex
=STA  \\$aSUPPRESSED$bunable to determine reason for suppression

