=LDR  02105 am a2200553 a 4500
=001  015393395
=003  Uk
=005  20100722153112.0
=006  m||||||||d||||||||
=007  cr||||||||||||
=008  090223s2006\\\\enk\\\\\sb\\\o000|0\eng|\
=040  \\$aStDuBDS$beng$cStDuBDS
=042  \\$aukblsr
=050  \4$aTA417.2
=082  04$a620.1127015195$222
=100  10$aGeorgiou, George A.
=245  10$aProbability of detection (PoD) curves$h[electronic resource] :$bderivation, applications and limitations /$cGeorge A. Georgiou.
=260  \\$aSudbury :$bHSE,$c2006.
=300  \\$a144 p. :$bdigital, PDF file.
=336  \\$atext$2rdacontent
=337  \\$acomputer$2rdamedia
=338  \\$aonline resource$2rdacarrier
=490  1\$aResearch report ;$v454
=500  \\$aTitle from PDF title page (viewed on 23 February 2009).
=500  \\$aPrepared by Jacobi Consulting Limited for the Health and Safety Executive.
=504  \\$aIncludes bibliographical references.
=530  \\$aAlso issued in print format.
=538  \\$aMode of access: World Wide Web.
=538  \\$aSystem requirements: Adobe Acrobat Reader.
=650  \0$aNondestructive testing$xStatistical methods.
=650  \0$aProbability measures.
=710  1\$aGreat Britain.$bHealth and Safety Executive.
=710  2\$aJacobi Consulting Limited.
=830  \0$aResearch report (Great Britain. Health and Safety Executive) ;$v454.
=852  41$aBritish Library$bHMNTS$jDigital store
=856  40$uhttp://www.hse.gov.uk/research/rrpdf/rr454.pdf
=985  \\$aCOBSI record
=CAT  \\$aBATCH-SURR$b00$c20091015$lBLL01$h1133
=CAT  \\$aBATCH$b00$c20091015$lBLL01$h1135
=CAT  \\$aBATCH-UPD$b00$c20091015$lBLL01$h1322
=CAT  \\$a12181$b40$c20100722$lBLL01$h1530
=CAT  \\$a12181$b40$c20100722$lBLL01$h1531
=CAT  \\$aW1711-1225$c20171203$lBLL01$h1035
=CAT  \\$aBATCH-UPD$b00$c20171203$lBLL01$h1305
=FIN  \\$aY$d20091015
=FMT  \\$a  BK
=LAS  \\$aBATCH-UPD$b00$c20171203$lBLL01$h1305
=SRC  \\$aCOBSI$b1bcobsi.lex
=STA  \\$aSUPPRESSED$bunable to determine reason for suppression

