=LDR  02002 am a2200529 a 4500
=001  015393397
=003  Uk
=005  20100722154732.0
=006  m||||||||d||||||||
=007  cr||||||||||||
=008  090223s2006\\\\enk\\\\\sb\\\o000|0\eng|\
=040  \\$aStDuBDS$beng$cStDuBDS
=042  \\$aukblsr
=050  \4$aTD196.C45
=082  04$a363.7384015118$222
=100  1\$aTickle, G. A.
=245  10$aSpecification of a mathematical model of a water reactive pool based upon REACTPOOL$h[electronic resource] /$cGraham Tickle.
=260  \\$aSudbury :$bHSE,$c2006.
=300  \\$a46 p. :$bdigital, PDF file.
=336  \\$atext$2rdacontent
=337  \\$acomputer$2rdamedia
=338  \\$aonline resource$2rdacarrier
=490  1\$aResearch report ;$v457
=500  \\$aTitle from PDF title page (viewed on 23 February 2009).
=500  \\$aPrepared by ESR Technology Limited for the Health and Safety Executive.
=504  \\$aIncludes bibliographical references.
=530  \\$aAlso issued in print format.
=538  \\$aMode of access: World Wide Web.
=538  \\$aSystem requirements: Adobe Acrobat Reader.
=650  \0$aChemical spills$xMathematical models.
=650  \0$aChemical reactions$xMathematical models.
=710  1\$aGreat Britain.$bHealth and Safety Executive.
=710  2\$aESR Technology Limited.
=830  \0$aResearch report (Great Britain. Health and Safety Executive) ;$v457.
=852  41$aBritish Library$bHMNTS$jDigital store
=856  40$uhttp://www.hse.gov.uk/research/rrpdf/rr457.pdf
=985  \\$aCOBSI record
=CAT  \\$aBATCH-SURR$b00$c20091015$lBLL01$h1133
=CAT  \\$aBATCH$b00$c20091015$lBLL01$h1135
=CAT  \\$aBATCH-UPD$b00$c20091015$lBLL01$h1322
=CAT  \\$a12181$b40$c20100722$lBLL01$h1547
=CAT  \\$aW1711-1225$c20171203$lBLL01$h1035
=FIN  \\$aY$d20091015
=FMT  \\$a  BK
=LAS  \\$aW1711-1225$b00$c20171203$lBLL01$h1035
=SRC  \\$aCOBSI$b1bcobsi.lex
=STA  \\$aSUPPRESSED$bunable to determine reason for suppression

