=LDR  02130 am a2200529 a 4500
=001  015393401
=003  Uk
=005  20100804184828.0
=006  m||||||||d||||||||
=007  cr||||||||||||
=008  090223s2006\\\\enk\\\\\sb\\\o000|0\eng|\
=040  \\$aStDuBDS$beng$cStDuBDS
=042  \\$aukblsr
=050  \4$aTF258
=082  04$a625.150113$222
=245  00$aComparison of the Hatfield and alternative UK rails using models to assess the effect of residual stress on crack growth from rolling contact fatigue$h[electronic resource] /$cD.I. Fletcher ... [et al.].
=260  \\$aSudbury :$bHSE,$c2006.
=300  \\$a58 p. :$bdigital, PDF file.
=336  \\$atext$2rdacontent
=337  \\$acomputer$2rdamedia
=338  \\$aonline resource$2rdacarrier
=490  1\$aResearch report ;$v461
=500  \\$aTitle from PDF title page (viewed on 23 February 2009).
=500  \\$aPrepared by University of Newcastle-Upon-Tyne for the Health and Safety Executive.
=504  \\$aIncludes bibliographical references.
=530  \\$aAlso issued in print format.
=538  \\$aMode of access: World Wide Web.
=538  \\$aSystem requirements: Adobe Acrobat Reader.
=650  \0$aRailroad rails$xDefects$xSimulation methods.
=650  \0$aDecarburization of steel$xSimulation methods.
=700  1\$aFletcher, D. I.$q(David Ian),$d1971-
=710  1\$aGreat Britain.$bHealth and Safety Executive.
=710  2\$aUniversity of Newcastle upon Tyne.
=830  \0$aResearch report (Great Britain. Health and Safety Executive) ;$v461.
=852  41$aBritish Library$bHMNTS$jDigital store
=856  40$uhttp://www.hse.gov.uk/research/rrpdf/rr461.pdf
=985  \\$aCOBSI record
=CAT  \\$aBATCH-SURR$b00$c20091015$lBLL01$h1133
=CAT  \\$aBATCH$b00$c20091015$lBLL01$h1135
=CAT  \\$aBATCH-UPD$b00$c20091015$lBLL01$h1322
=CAT  \\$a12181$b40$c20100804$lBLL01$h1848
=CAT  \\$aW1711-1225$c20171203$lBLL01$h1035
=FIN  \\$aY$d20091015
=FMT  \\$a  BK
=LAS  \\$aW1711-1225$b00$c20171203$lBLL01$h1035
=SRC  \\$aCOBSI$b1bcobsi.lex
=STA  \\$aSUPPRESSED$bunable to determine reason for suppression

