=LDR  02044 am a2200529 a 4500
=001  015393402
=003  Uk
=005  20100722124336.0
=006  m||||||||d||||||||
=007  cr||||||||||||
=008  090223s2006\\\\enk\\\\\s\\\\o000|0\eng|\
=040  \\$aStDuBDS$beng$cStDuBDS
=042  \\$aukblsr
=050  \4$aHD7695
=082  04$a363.110941$222
=100  1\$aWinkler, Clive.
=245  10$aClient/contractor relationships in managing health and safety on projects$h[electronic resource] /$cClive Winkler.
=260  \\$aSudbury :$bHSE,$c2006.
=300  \\$a108 p. :$bdigital, PDF file.
=336  \\$atext$2rdacontent
=337  \\$acomputer$2rdamedia
=338  \\$aonline resource$2rdacarrier
=490  1\$aResearch report ;$v462
=500  \\$aTitle from PDF title page (viewed on 23 February 2009).
=500  \\$aPrepared by Partnership Sourcing Limited for the Health and Safety Executive.
=530  \\$aAlso issued in print format.
=538  \\$aMode of access: World Wide Web.
=538  \\$aSystem requirements: Adobe Acrobat Reader.
=650  \0$aIndustrial safety$zGreat Britain$xEvaluation.
=650  \0$aProject management$xHealth aspects$zGreat Britain.
=650  \0$aStrategic alliances (Business)$xHealth aspects$zGreat Britain.
=710  1\$aGreat Britain.$bHealth and Safety Executive.
=710  2\$aPartnership Sourcing Limited.
=830  \0$aResearch report (Great Britain. Health and Safety Executive) ;$v462.
=852  41$aBritish Library$bHMNTS$jDigital store
=856  40$uhttp://www.hse.gov.uk/research/rrpdf/rr462.pdf
=985  \\$aCOBSI record
=CAT  \\$aBATCH-SURR$b00$c20091015$lBLL01$h1133
=CAT  \\$aBATCH$b00$c20091015$lBLL01$h1135
=CAT  \\$aBATCH-UPD$b00$c20091015$lBLL01$h1322
=CAT  \\$a12181$b40$c20100722$lBLL01$h1243
=CAT  \\$aW1711-1225$c20171203$lBLL01$h1035
=FIN  \\$aY$d20091015
=FMT  \\$a  BK
=LAS  \\$aW1711-1225$b00$c20171203$lBLL01$h1035
=SRC  \\$aCOBSI$b1bcobsi.lex
=STA  \\$aSUPPRESSED$bunable to determine reason for suppression

