=LDR  02104 am a2200553 a 4500
=001  015393403
=003  Uk
=005  20100722123607.0
=006  m||||||||d||||||||
=007  cr||||||||||||
=008  090223s2006\\\\enk\\\\\sb\\\o000|0\eng|\
=040  \\$aStDuBDS$beng$cStDuBDS
=042  \\$aukblsr
=050  \4$aTH3411
=082  04$a690.22$222
=100  1\$aAnumba, C. J.$q(Chimay J.)
=245  10$aAvoiding structural collapses in refurbishment$h[electronic resource] :$ba decision support system /$cChimay Anumba, Charles Egbu, Mukesh Kashyap.
=260  \\$aSudbury :$bHSE,$c2006.
=300  \\$a112 p. :$bdigital, PDF file.
=336  \\$atext$2rdacontent
=337  \\$acomputer$2rdamedia
=338  \\$aonline resource$2rdacarrier
=490  1\$aResearch report ;$v463
=500  \\$aTitle from PDF title page (viewed on 23 February 2009).
=500  \\$aPrepared by Loughborough University for the Health and Safety Executive.
=504  \\$aIncludes bibliographical references.
=530  \\$aAlso issued in print format.
=538  \\$aMode of access: World Wide Web.
=538  \\$aSystem requirements: Adobe Acrobat Reader.
=650  \0$aStructural failures$xPrevention.
=650  \0$aBuildings$xRepair and reconstruction$xSafety measures.
=700  1\$aEgbu, Charles O.
=700  1\$aKashyap, Mukesh.
=710  1\$aGreat Britain.$bHealth and Safety Executive.
=710  2\$aLoughborough University.
=830  \0$aResearch report (Great Britain. Health and Safety Executive) ;$v463.
=852  41$aBritish Library$bHMNTS$jDigital store
=856  40$uhttp://www.hse.gov.uk/research/rrpdf/rr463.pdf
=985  \\$aCOBSI record
=CAT  \\$aBATCH-SURR$b00$c20091015$lBLL01$h1133
=CAT  \\$aBATCH$b00$c20091015$lBLL01$h1135
=CAT  \\$aBATCH-UPD$b00$c20091015$lBLL01$h1322
=CAT  \\$a12181$b40$c20100722$lBLL01$h1236
=CAT  \\$aW1711-1225$c20171203$lBLL01$h1035
=FIN  \\$aY$d20091015
=FMT  \\$a  BK
=LAS  \\$aW1711-1225$b00$c20171203$lBLL01$h1035
=SRC  \\$aCOBSI$b1bcobsi.lex
=STA  \\$aSUPPRESSED$bunable to determine reason for suppression

