=LDR  02412 am a2200601 a 4500
=001  015393404
=003  Uk
=005  20100722114626.0
=006  m||||||||d||||||||
=007  cr||||||||||||
=008  090223s2006\\\\enk\\\\\sb\\\o000|0\eng|\
=040  \\$aStDuBDS$beng$cStDuBDS
=042  \\$aukblsr
=050  \4$aHD7262
=082  04$a363.114$222
=100  1\$aCormack, Heather.
=245  10$aIdentifying and evaluating the social and psychological impact of workplace accidents and ill-health incidents on employees$h[electronic resource] /$cHeather Cormack, Steve Cross, Claire Whittington.
=260  \\$aSudbury :$bHSE,$c2006.
=300  \\$a370 p. :$bdigital, PDF file.
=336  \\$atext$2rdacontent
=337  \\$acomputer$2rdamedia
=338  \\$aonline resource$2rdacarrier
=490  1\$aResearch report ;$v464
=500  \\$aTitle from PDF title page (viewed on 23 February 2009).
=500  \\$aPrepared by Human Reliability Associates Ltd. for the Health and Safety Executive.
=504  \\$aIncludes bibliographical references.
=530  \\$aAlso issued in print format.
=538  \\$aMode of access: World Wide Web.
=538  \\$aSystem requirements: Adobe Acrobat Reader.
=650  \0$aIndustrial accidents$xPsychological aspects.
=650  \0$aIndustrial accidents$xSocial aspects.
=650  \0$aConstruction industry$xAccidents$xPsychological aspects.
=650  \0$aConstruction industry$xAccidents$xSocial aspects.
=650  \0$aMedical personnel$xHealth and hygiene.
=700  1\$aCross, Steve,$cDr.
=700  1\$aWhittington, Claire.
=710  1\$aGreat Britain.$bHealth and Safety Executive.
=710  2\$aHuman Reliability Associates.
=830  \0$aResearch report (Great Britain. Health and Safety Executive) ;$v464.
=852  41$aBritish Library$bHMNTS$jDigital store
=856  40$uhttp://www.hse.gov.uk/research/rrpdf/rr464.pdf
=985  \\$aCOBSI record
=CAT  \\$aBATCH-SURR$b00$c20091015$lBLL01$h1133
=CAT  \\$aBATCH$b00$c20091015$lBLL01$h1135
=CAT  \\$aBATCH-UPD$b00$c20091015$lBLL01$h1322
=CAT  \\$a12181$b40$c20100722$lBLL01$h1146
=CAT  \\$aBATCH-UPD$b40$c20100805$lBLL01$h2133
=CAT  \\$aW1711-1225$c20171203$lBLL01$h1035
=FIN  \\$aY$d20091015
=FMT  \\$a  BK
=LAS  \\$aW1711-1225$b00$c20171203$lBLL01$h1035
=SRC  \\$aCOBSI$b1bcobsi.lex
=STA  \\$aSUPPRESSED$bunable to determine reason for suppression

