=LDR  01981 am a2200529 a 4500
=001  015393405
=003  Uk
=005  20100722110417.0
=006  m||||||||d||||||||
=007  cr||||||||||||
=008  090223s2006\\\\enk\\\\\s\\\\o000|0\eng|\
=040  \\$aStDuBDS$beng$cStDuBDS
=042  \\$aukblsr
=050  \4$aTH443
=082  04$a690.22$222
=100  1\$aBennett, Liz.
=245  14$aThe commercial case for applying CDM$h[electronic resource] :$bcase studies /$cLiz Bennett, Alan Gilbertson.
=260  \\$aSudbury :$bHSE,$c2006.
=300  \\$a84 p. :$bdigital, PDF file.
=336  \\$atext$2rdacontent
=337  \\$acomputer$2rdamedia
=338  \\$aonline resource$2rdacarrier
=490  1\$aResearch report ;$v467
=500  \\$aTitle from PDF title page (viewed on 23 February 2009).
=500  \\$aPrepared by Habilis Health and Safety Solutions Ltd. for the Health and Safety Executive.
=530  \\$aAlso issued in print format.
=538  \\$aMode of access: World Wide Web.
=538  \\$aSystem requirements: Adobe Acrobat Reader.
=650  \0$aConstruction industry$xSafety measures.
=650  \0$aConstruction industry$xSafety measures$xEconomic aspects.
=700  1\$aGilbertson, Alan.
=710  1\$aGreat Britain.$bHealth and Safety Executive.
=710  2\$aHabilis Ltd.
=830  \0$aResearch report (Great Britain. Health and Safety Executive) ;$v467.
=852  41$aBritish Library$bHMNTS$jDigital store
=856  40$uhttp://www.hse.gov.uk/research/rrpdf/rr467.pdf
=985  \\$aCOBSI record
=CAT  \\$aBATCH-SURR$b00$c20091015$lBLL01$h1133
=CAT  \\$aBATCH$b00$c20091015$lBLL01$h1135
=CAT  \\$aBATCH-UPD$b00$c20091015$lBLL01$h1322
=CAT  \\$a12181$b40$c20100722$lBLL01$h1104
=CAT  \\$aW1711-1225$c20171203$lBLL01$h1035
=FIN  \\$aY$d20091015
=FMT  \\$a  BK
=LAS  \\$aW1711-1225$b00$c20171203$lBLL01$h1035
=SRC  \\$aCOBSI$b1bcobsi.lex
=STA  \\$aSUPPRESSED$bunable to determine reason for suppression

