=LDR  02197 am a2200577 a 4500
=001  015393406
=003  Uk
=005  20100722105142.0
=006  m||||||||d||||||||
=007  cr||||||||||||
=008  090224s2006\\\\enk\\\\\sb\\\o000|0\eng|\
=040  \\$aStDuBDS$beng$cStDuBDS
=042  \\$aukblsr
=050  \4$aTA654.55
=082  04$a624.172$222
=100  1\$aTromans, Peter.
=245  10$aNonlinear potential flow forcing$h[electronic resource] :$bthe ringing of concrete gravity based structures : a summary report /$cPeter Tromans, Chris Swan & Stephen Masterton.
=260  \\$aSudbury :$bHSE,$c2006.
=300  \\$a120 p. :$bdigital, PDF file.
=336  \\$atext$2rdacontent
=337  \\$acomputer$2rdamedia
=338  \\$aonline resource$2rdacarrier
=490  1\$aResearch report ;$v468
=500  \\$aTitle from PDF title page (viewed on 24 February 2009).
=500  \\$aPrepared by Ocean Wave Engineering Ltd. for the Health and Safety Executive.
=504  \\$aIncludes bibliographical references.
=530  \\$aAlso issued in print format.
=538  \\$aMode of access: World Wide Web.
=538  \\$aSystem requirements: Adobe Acrobat Reader.
=650  \0$aNonlinear waves.
=650  \0$aColumns, Concrete.
=650  \0$aWater waves$xMathematical models.
=650  \0$aStructural dynamics$xMathematical models.
=700  1\$aSwan, Chris,$cProf.
=700  1\$aMasterton, Stephen.
=710  1\$aGreat Britain.$bHealth and Safety Executive.
=710  2\$aOcean Wave Engineering (Firm)
=830  \0$aResearch report (Great Britain. Health and Safety Executive) ;$v468.
=852  41$aBritish Library$bHMNTS$jDigital store
=856  40$uhttp://www.hse.gov.uk/research/rrpdf/rr468.pdf
=985  \\$aCOBSI record
=CAT  \\$aBATCH-SURR$b00$c20091015$lBLL01$h1133
=CAT  \\$aBATCH$b00$c20091015$lBLL01$h1135
=CAT  \\$aBATCH-UPD$b00$c20091015$lBLL01$h1322
=CAT  \\$a12181$b40$c20100722$lBLL01$h1051
=CAT  \\$aW1711-1225$c20171203$lBLL01$h1035
=FIN  \\$aY$d20091015
=FMT  \\$a  BK
=LAS  \\$aW1711-1225$b00$c20171203$lBLL01$h1035
=SRC  \\$aCOBSI$b1bcobsi.lex
=STA  \\$aSUPPRESSED$bunable to determine reason for suppression

