=LDR  02102 am a2200541 a 4500
=001  015393407
=003  Uk
=005  20100721184416.0
=006  m||||||||d||||||||
=007  cr||||||||||||
=008  090224s2006\\\\enk\\\\\sb\\\o000|0\eng|\
=040  \\$aStDuBDS$beng$cStDuBDS
=042  \\$aukblsr
=050  \4$aRC964
=082  04$a616.9803$222
=245  00$aLay conceptualisations of occupational disease$h[electronic resource] /$cEamonn Ferguson ... [et al.].
=260  \\$aSudbury :$bHSE,$c2006.
=300  \\$a146 p. :$bdigital, PDF file.
=336  \\$atext$2rdacontent
=337  \\$acomputer$2rdamedia
=338  \\$aonline resource$2rdacarrier
=490  1\$aResearch report ;$v469
=500  \\$aTitle from PDF title page (viewed on 24 February 2009).
=500  \\$aPrepared by Risk Analysis, Social Processes & Health (RASPH) Group for the Health and Safety Executive.
=504  \\$aIncludes bibliographical references.
=530  \\$aAlso issued in print format.
=538  \\$aMode of access: World Wide Web.
=538  \\$aSystem requirements: Adobe Acrobat Reader.
=650  \0$aOccupational diseases$xPublic opinion.
=650  \0$aOccupational diseases$xDiagnosis.
=650  \0$aWork environment$xPublic opinion.
=700  1\$aFerguson, Eamonn.
=710  1\$aGreat Britain.$bHealth and Safety Executive.
=710  2\$aUniversity of Nottingham.$bRisk Analysis, Social Processes & Health Group.
=830  \0$aResearch report (Great Britain. Health and Safety Executive) ;$v469.
=852  41$aBritish Library$bHMNTS$jDigital store
=856  40$uhttp://www.hse.gov.uk/research/rrpdf/rr469.pdf
=985  \\$aCOBSI record
=CAT  \\$aBATCH-SURR$b00$c20091015$lBLL01$h1133
=CAT  \\$aBATCH$b00$c20091015$lBLL01$h1135
=CAT  \\$aBATCH-UPD$b00$c20091015$lBLL01$h1322
=CAT  \\$a12181$b40$c20100721$lBLL01$h1844
=CAT  \\$aW1711-1225$c20171203$lBLL01$h1035
=FIN  \\$aY$d20091015
=FMT  \\$a  BK
=LAS  \\$aW1711-1225$b00$c20171203$lBLL01$h1035
=SRC  \\$aCOBSI$b1bcobsi.lex
=STA  \\$aSUPPRESSED$bunable to determine reason for suppression

