=LDR  02263 am a2200565 a 4500
=001  015393411
=003  Uk
=005  20100804163329.0
=006  m||||||||d||||||||
=007  cr||||||||||||
=008  090224s2006\\\\enk\\\\\s\\\\o000|0\eng|\
=040  \\$aStDuBDS$beng$cStDuBDS
=042  \\$aukblsr
=050  \4$aRA645.A83
=082  04$a362.1962380941$222
=245  04$aThe true cost of occupational asthma in Great Britain$h[electronic resource] /$cRichard Boyd ... [et al.].
=260  \\$aSudbury :$bHSE,$c2006.
=300  \\$a136 p. :$bdigital, PDF file.
=336  \\$atext$2rdacontent
=337  \\$acomputer$2rdamedia
=338  \\$aonline resource$2rdacarrier
=490  1\$aResearch report ;$v474
=500  \\$aTitle from PDF title page (viewed on 24 February 2009).
=500  \\$aPrepared by Metroeconomica Limited in collaboration with the Institute of Occupational Medicine & the University of Aberdeen for the Health and Safety Executive.
=530  \\$aAlso issued in print format.
=538  \\$aMode of access: World Wide Web.
=538  \\$aSystem requirements: Adobe Acrobat Reader.
=650  \0$aOccupational diseases$xEconomic aspects$zGreat Britain.
=650  \0$aAsthma$xEconomic aspects$zGreat Britain.
=700  1\$aBoyd, Richard,$d1966-
=710  1\$aGreat Britain.$bHealth and Safety Executive.
=710  2\$aMetroEconómica (Firm)
=710  2\$aInstitute of Occupational Medicine (Edinburgh, Scotland)
=710  2\$aUniversity of Aberdeen.
=830  \0$aResearch report (Great Britain. Health and Safety Executive) ;$v474.
=852  41$aBritish Library$bHMNTS$jDigital store
=856  40$uhttp://www.hse.gov.uk/research/rrpdf/rr474.pdf
=985  \\$aCOBSI record
=CAT  \\$aBATCH-SURR$b00$c20091015$lBLL01$h1133
=CAT  \\$aBATCH$b00$c20091015$lBLL01$h1135
=CAT  \\$aBATCH-UPD$b00$c20091015$lBLL01$h1322
=CAT  \\$a12181$b40$c20100709$lBLL01$h1538
=CAT  \\$a12181$b40$c20100804$lBLL01$h1633
=CAT  \\$aBATCH-UPD$b40$c20101006$lBLL01$h2150
=CAT  \\$aW1711-1225$c20171203$lBLL01$h1035
=FIN  \\$aY$d20091015
=FMT  \\$a  BK
=LAS  \\$aW1711-1225$b00$c20171203$lBLL01$h1035
=SRC  \\$aCOBSI$b1bcobsi.lex
=STA  \\$aSUPPRESSED$bunable to determine reason for suppression

