=LDR  02009 am a2200529 a 4500
=001  015393412
=003  Uk
=005  20100709170506.0
=006  m||||||||d||||||||
=007  cr||||||||||||
=008  090224s2006\\\\enk\\\\\s\\\\o000|0\eng|\
=040  \\$aStDuBDS$beng$cStDuBDS
=042  \\$aukblsr
=050  \4$aT55.3.P75
=082  04$a628.9222$222
=100  1\$aEaton, Paul.
=245  14$aThe development of a 'female' form manikin as part of a test facility to assess the fire protection afforded by personal protective equipment$h[electronic resource] /$cPaul Eaton & Mark Healey.
=260  \\$aSudbury :$bHSE,$c2006.
=300  \\$a54 p. :$bdigital, PDF file.
=336  \\$atext$2rdacontent
=337  \\$acomputer$2rdamedia
=338  \\$aonline resource$2rdacarrier
=490  1\$aResearch report ;$v475
=500  \\$aTitle from PDF title page (viewed on 24 February 2009).
=500  \\$aPrepared by BTTG for the Health and Safety Executive.
=530  \\$aAlso issued in print format.
=538  \\$aMode of access: World Wide Web.
=538  \\$aSystem requirements: Adobe Acrobat Reader.
=650  \0$aProtective clothing$xFire testing.
=650  \0$aCrash test dummies.
=700  1\$aHealey, Mark.
=710  1\$aGreat Britain.$bHealth and Safety Executive.
=710  2\$aBritish Textile Technology Group.
=830  \0$aResearch report (Great Britain. Health and Safety Executive) ;$v475.
=852  41$aBritish Library$bHMNTS$jDigital store
=856  40$uhttp://www.hse.gov.uk/research/rrpdf/rr475.pdf
=985  \\$aCOBSI record
=CAT  \\$aBATCH-SURR$b00$c20091015$lBLL01$h1133
=CAT  \\$aBATCH$b00$c20091015$lBLL01$h1135
=CAT  \\$aBATCH-UPD$b00$c20091015$lBLL01$h1322
=CAT  \\$a12181$b40$c20100709$lBLL01$h1705
=CAT  \\$aW1711-1225$c20171203$lBLL01$h1035
=FIN  \\$aY$d20091015
=FMT  \\$a  BK
=LAS  \\$aW1711-1225$b00$c20171203$lBLL01$h1035
=SRC  \\$aCOBSI$b1bcobsi.lex
=STA  \\$aSUPPRESSED$bunable to determine reason for suppression

