=LDR  02222 am a2200565 a 4500
=001  015393414
=003  Uk
=005  20100709164116.0
=006  m||||||||d||||||||
=007  cr||||||||||||
=008  090225s2006\\\\enk\\\\\sb\\\o000|0\eng|\
=040  \\$aStDuBDS$beng$cStDuBDS
=042  \\$aukblsr
=050  \4$aQC795.32.R3
=082  04$a363.179963$222
=100  1\$aBartlett, D. T.
=245  10$aReview of the level of accuracy required and means of demonstrating that accuracy for approval of dosimetry services by the Health and Safety Executive$h[electronic resource] /$cD.T. Bartlett, G. Etherington & J.R.H. Smith.
=260  \\$aSudbury :$bHSE,$c2006.
=300  \\$a84 p. :$bdigital, PDF file.
=336  \\$atext$2rdacontent
=337  \\$acomputer$2rdamedia
=338  \\$aonline resource$2rdacarrier
=490  1\$aResearch report ;$v477
=500  \\$aTitle from PDF title page (viewed on 25 February 2009).
=500  \\$aPrepared by the Health Protection Agency for the Health and Safety Executive.
=504  \\$aIncludes bibliographical references.
=530  \\$aAlso issued in print format.
=538  \\$aMode of access: World Wide Web.
=538  \\$aSystem requirements: Adobe Acrobat Reader.
=650  \0$aRadiation dosimetry$xEvaluation.
=650  \0$aNuclear counters$xCalibration.
=650  \0$aRadiation dosimetry$xManagement.
=700  1\$aEtherington, G.
=700  1\$aSmith, J. R. H.
=710  1\$aGreat Britain.$bHealth and Safety Executive.
=710  2\$aHealth Protection Agency (Great Britain)
=830  \0$aResearch report (Great Britain. Health and Safety Executive) ;$v477.
=852  41$aBritish Library$bHMNTS$jDigital store
=856  40$uhttp://www.hse.gov.uk/research/rrpdf/rr477.pdf
=985  \\$aCOBSI record
=CAT  \\$aBATCH-SURR$b00$c20091015$lBLL01$h1133
=CAT  \\$aBATCH$b00$c20091015$lBLL01$h1135
=CAT  \\$aBATCH-UPD$b00$c20091015$lBLL01$h1322
=CAT  \\$a12181$b40$c20100709$lBLL01$h1641
=CAT  \\$aW1711-1225$c20171203$lBLL01$h1035
=FIN  \\$aY$d20091015
=FMT  \\$a  BK
=LAS  \\$aW1711-1225$b00$c20171203$lBLL01$h1035
=SRC  \\$aCOBSI$b1bcobsi.lex
=STA  \\$aSUPPRESSED$bunable to determine reason for suppression

