=LDR  02278 am a2200601 a 4500
=001  015393415
=003  Uk
=005  20100804161050.0
=006  m||||||||d||||||||
=007  cr||||||||||||
=008  090225s2006\\\\enk\\\\\s\\\\o000|0\eng|\
=040  \\$aStDuBDS$beng$cStDuBDS
=042  \\$aukblsr
=050  \4$aT55.3.H45
=082  04$a363.11$222
=100  1\$aClift, Laurence.
=245  10$aEvaluating the stability requirements for mounting and dismounting from the top of leaning ladders$h[electronic resource] /$cLaurence Clift, Dave Harris & Wee Beasty.
=260  \\$aSudbury :$bHSE,$c2006.
=300  \\$a112 p. :$bdigital, PDF file.
=336  \\$atext$2rdacontent
=337  \\$acomputer$2rdamedia
=338  \\$aonline resource$2rdacarrier
=490  1\$aResearch report ;$v478
=500  \\$aTitle from PDF title page (viewed on 25 February 2009).
=500  \\$aPrepared by Loughborough University for the Health and Safety Executive.
=530  \\$aAlso issued in print format.
=538  \\$aMode of access: World Wide Web.
=538  \\$aSystem requirements: Adobe Acrobat Reader.
=650  \0$aLadders$xStability.
=650  \0$aFalls (Accidents)$xPrevention.
=650  \0$aLadders$xSafety measures.
=700  1\$aHarris, Dave,$d1952-
=710  2\$aWee Beasty (Firm)
=710  1\$aGreat Britain.$bHealth and Safety Executive.
=710  2\$aLoughborough University.
=830  \0$aResearch report (Great Britain. Health and Safety Executive) ;$v478.
=852  41$aBritish Library$bHMNTS$jDigital store
=856  40$uhttp://www.hse.gov.uk/research/rrpdf/rr478.pdf
=985  \\$aCOBSI record
=CAT  \\$aBATCH-SURR$b00$c20091015$lBLL01$h1133
=CAT  \\$aBATCH$b00$c20091015$lBLL01$h1135
=CAT  \\$aBATCH-UPD$b00$c20091015$lBLL01$h1322
=CAT  \\$a12181$b40$c20100709$lBLL01$h1705
=CAT  \\$a12181$b40$c20100722$lBLL01$h1516
=CAT  \\$a12181$b40$c20100804$lBLL01$h1610
=CAT  \\$aBATCH-UPD$b40$c20100805$lBLL01$h2133
=CAT  \\$aBATCH-UPD$b40$c20101124$lBLL01$h1213
=CAT  \\$aW1711-1225$c20171203$lBLL01$h1035
=FIN  \\$aY$d20091015
=FMT  \\$a  BK
=LAS  \\$aW1711-1225$b00$c20171203$lBLL01$h1035
=SRC  \\$aCOBSI$b1bcobsi.lex
=STA  \\$aSUPPRESSED$bunable to determine reason for suppression

