=LDR  02381 am a2200613 a 4500
=001  015393417
=003  Uk
=005  20140117111434.0
=006  m||||||||d||||||||
=007  cr||||||||||||
=008  090225s2006\\\\enk\\\\\sb\\\o000|0\eng|\
=040  \\$aStDuBDS$beng$cStDuBDS
=042  \\$aukblsr
=050  \4$aP96.H43
=082  04$a362.197564$222
=100  1\$aBarker, Karen,$cMSc.
=245  14$aThe use of mass media interventions for health care messages about back pain$h[electronic resource] :$bwhat do members of the public think? /$cKaren Barker, Catherine Minns Lowe, Margaret Reid.
=260  \\$aSudbury :$bHSE,$c2006.
=300  \\$a100 p. :$bdigital, PDF file.
=336  \\$atext$2rdacontent
=337  \\$acomputer$2rdamedia
=338  \\$aonline resource$2rdacarrier
=490  1\$aResearch report ;$v480
=500  \\$aTitle from PDF title page (viewed on 25 February 2009).
=500  \\$aPrepared by Nuffield Orthopaedic Centre NHS Trust for the Health and Safety Executive.
=504  \\$aIncludes bibliographical references.
=530  \\$aAlso issued in print format.
=538  \\$aMode of access: World Wide Web.
=538  \\$aSystem requirements: Adobe Acrobat Reader.
=650  \0$aBackache.
=650  \0$aHealth in mass media.
=650  \0$aBackache$xPublic opinion.
=650  \0$aHealth in mass media$xPublic opinion.
=650  \0$aHealth promotion$zGreat Britain$xEvaluation.
=700  1\$aLowe, Catherine Minns.
=700  1\$aReid, Margaret,$d1946-
=710  1\$aGreat Britain.$bHealth and Safety Executive.
=710  2\$aNuffield Orthopaedic Centre NHS Trust.
=830  \0$aResearch report (Great Britain. Health and Safety Executive) ;$v480.
=852  41$aBritish Library$bHMNTS$jDigital store
=856  40$uhttp://www.hse.gov.uk/research/rrpdf/rr480.pdf
=985  \\$aCOBSI record
=CAT  \\$aBATCH-SURR$b00$c20091015$lBLL01$h1133
=CAT  \\$aBATCH$b00$c20091015$lBLL01$h1135
=CAT  \\$aBATCH-UPD$b00$c20091015$lBLL01$h1322
=CAT  \\$a12181$b40$c20100909$lBLL01$h1447
=CAT  \\$a8871$b40$c20140117$lBLL01$h1114
=CAT  \\$aW1711-1225$c20171203$lBLL01$h1035
=CAT  \\$a7416$b40$c20200929$lBLL01$h1213
=FIN  \\$aY$d20091015
=FMT  \\$a  BK
=LAS  \\$a7416$b40$c20200929$lBLL01$h1213
=SRC  \\$aCOBSI$b1bcobsi.lex
=STA  \\$aSUPPRESSED$bunable to determine reason for suppression

