=LDR  02320 am a2200589 a 4500
=001  015393419
=003  Uk
=005  20100909155116.0
=006  m||||||||d||||||||
=007  cr||||||||||||
=008  090226s2006\\\\enk\\\\\sb\\\o000|0\eng|\
=040  \\$aStDuBDS$beng$cStDuBDS
=042  \\$aukblsr
=050  \4$aT55.2
=082  04$a363.110711$222
=245  00$aFurther development of an IIG/HSE e-learning health and safety risk education package for engineering undergraduates$h[electronic resource] /$cRichard Taylor ... [et al.].
=260  \\$aSudbury :$bHSE,$c2006.
=300  \\$a50 p. :$bdigital, PDF file.
=336  \\$atext$2rdacontent
=337  \\$acomputer$2rdamedia
=338  \\$aonline resource$2rdacarrier
=490  1\$aResearch report ;$v482
=500  \\$aTitle from PDF title page (viewed on 26 February 2009).
=500  \\$aPrepared by RHT Risk Management for the Health and Safety Executive.
=504  \\$aIncludes bibliographical references.
=530  \\$aAlso issued in print format.
=538  \\$aMode of access: World Wide Web.
=538  \\$aSystem requirements: Adobe Acrobat Reader.
=650  \0$aEngineering$xSafety measures$xStudy and teaching (Higher)
=650  \0$aEngineering$xSafety measures$xComputer-assisted instruction.
=700  1\$aTaylor, R. H.
=710  1\$aGreat Britain.$bHealth and Safety Executive.
=710  2\$aRHT Risk Management.
=830  \0$aResearch report (Great Britain. Health and Safety Executive) ;$v482.
=852  41$aBritish Library$bHMNTS$jDigital store
=856  40$uhttp://www.hse.gov.uk/research/rrpdf/rr482.pdf
=985  \\$aCOBSI record
=CAT  \\$aBATCH-SURR$b00$c20091015$lBLL01$h1133
=CAT  \\$aBATCH$b00$c20091015$lBLL01$h1135
=CAT  \\$aBATCH-UPD$b00$c20091015$lBLL01$h1322
=CAT  \\$a12181$b40$c20100709$lBLL01$h1320
=CAT  \\$a12181$b40$c20100709$lBLL01$h1415
=CAT  \\$a12181$b40$c20100709$lBLL01$h1713
=CAT  \\$a12181$b40$c20100909$lBLL01$h1532
=CAT  \\$a12181$b40$c20100909$lBLL01$h1537
=CAT  \\$a12181$b40$c20100909$lBLL01$h1551
=CAT  \\$aW1711-1225$c20171203$lBLL01$h1035
=FIN  \\$aY$d20091015
=FMT  \\$a  BK
=LAS  \\$aW1711-1225$b00$c20171203$lBLL01$h1035
=SRC  \\$aCOBSI$b1bcobsi.lex
=STA  \\$aSUPPRESSED$bunable to determine reason for suppression

