=LDR  02193 am a2200565 a 4500
=001  015393420
=003  Uk
=005  20100709122413.0
=006  m||||||||d||||||||
=007  cr||||||||||||
=008  090226s2006\\\\enk\\\\\sb\\\o000|0\eng|\
=040  \\$aStDuBDS$beng$cStDuBDS
=042  \\$aukblsr
=050  \4$aHD5115.6.G7
=082  04$a658.3122$222
=100  1\$aHutchison, P. A.
=245  10$aSurvey of tools and resources available to employers to manage, record and monitor sickness absence$h[electronic resource] /$cP.A. Hutchison, P.J. Ritchie & H.A. Cowie.
=260  \\$aSudbury :$bHSE,$c2006.
=300  \\$a82 p. :$bdigital, PDF file.
=336  \\$atext$2rdacontent
=337  \\$acomputer$2rdamedia
=338  \\$aonline resource$2rdacarrier
=490  1\$aResearch report ;$v483
=500  \\$aTitle from PDF title page (viewed on 26 February 2009).
=500  \\$aPrepared by the Institute of Occupational Medicine for the Health and Safety Executive.
=504  \\$aIncludes bibliographical references.
=530  \\$aAlso issued in print format.
=538  \\$aMode of access: World Wide Web.
=538  \\$aSystem requirements: Adobe Acrobat Reader.
=650  \0$aAbsenteeism (Labor)$zGreat Britain.
=650  \0$aSick leave$zGreat Britain.
=650  \0$aPersonnel management$xData processing.
=700  1\$aRitchie, P. J.
=700  1\$aCowie, H. A.
=710  1\$aGreat Britain.$bHealth and Safety Executive.
=710  2\$aInstitute of Occupational Medicine (Edinburgh, Scotland)
=830  \0$aResearch report (Great Britain. Health and Safety Executive) ;$v483.
=852  41$aBritish Library$bHMNTS$jDigital store
=856  40$uhttp://www.hse.gov.uk/research/rrpdf/rr483.pdf
=985  \\$aCOBSI record
=CAT  \\$aBATCH-SURR$b00$c20091015$lBLL01$h1133
=CAT  \\$aBATCH$b00$c20091015$lBLL01$h1135
=CAT  \\$aBATCH-UPD$b00$c20091015$lBLL01$h1322
=CAT  \\$a12181$b40$c20100709$lBLL01$h1224
=CAT  \\$aW1711-1225$c20171203$lBLL01$h1035
=FIN  \\$aY$d20091015
=FMT  \\$a  BK
=LAS  \\$aW1711-1225$b00$c20171203$lBLL01$h1035
=SRC  \\$aCOBSI$b1bcobsi.lex
=STA  \\$aSUPPRESSED$bunable to determine reason for suppression

