=LDR  02025 am a2200553 a 4500
=001  015393422
=003  Uk
=005  20100625171712.0
=006  m||||||||d||||||||
=007  cr||||||||||||
=008  090226s2006\\\\enk\\\\\sb\\\o000|0\eng|\
=040  \\$aStDuBDS$beng$cStDuBDS
=042  \\$aukblsr
=050  \4$aTJ246
=082  04$a621.885$222
=100  1\$aHo, Emily.
=245  10$aElastomeric seals for rapid gas decompression applications in high-pressure services$h[electronic resource] /$cEmily Ho.
=260  \\$aSudbury :$bHSE,$c2006.
=300  \\$a74 p. :$bdigital, PDF file.
=336  \\$atext$2rdacontent
=337  \\$acomputer$2rdamedia
=338  \\$aonline resource$2rdacarrier
=490  1\$aResearch report ;$v485
=500  \\$aTitle from PDF title page (viewed on 26 February 2009).
=500  \\$aPrepared by BHR Group Limited for the Health and Safety Executive.
=504  \\$aIncludes bibliographical references.
=530  \\$aAlso issued in print format.
=538  \\$aMode of access: World Wide Web.
=538  \\$aSystem requirements: Adobe Acrobat Reader.
=650  \0$aGas leakage.
=650  \0$aSealing (Technology)$xEquipment and supplies.
=650  \0$aElastomers.
=650  \0$aHigh pressure (Technology)
=710  1\$aGreat Britain.$bHealth and Safety Executive.
=710  2\$aBHR Group Limited.
=830  \0$aResearch report (Great Britain. Health and Safety Executive) ;$v485.
=852  41$aBritish Library$bHMNTS$jDigital store
=856  40$uhttp://www.hse.gov.uk/research/rrpdf/rr485.pdf
=985  \\$aCOBSI record
=CAT  \\$aBATCH-SURR$b00$c20091015$lBLL01$h1133
=CAT  \\$aBATCH$b00$c20091015$lBLL01$h1135
=CAT  \\$aBATCH-UPD$b00$c20091015$lBLL01$h1322
=CAT  \\$a12181$b40$c20100625$lBLL01$h1717
=CAT  \\$aW1711-1225$c20171203$lBLL01$h1035
=FIN  \\$aY$d20091015
=FMT  \\$a  BK
=LAS  \\$aW1711-1225$b00$c20171203$lBLL01$h1035
=SRC  \\$aCOBSI$b1bcobsi.lex
=STA  \\$aSUPPRESSED$bunable to determine reason for suppression

