=LDR  02065 am a2200553 a 4500
=001  015393425
=003  Uk
=005  20100625174748.0
=006  m||||||||d||||||||
=007  cr||||||||||||
=008  090227s2006\\\\enk\\\\\sb\\\o000|0\eng|\
=040  \\$aStDuBDS$beng$cStDuBDS
=042  \\$aukblsr
=050  \4$aT55
=082  04$a363.11019$222
=100  1\$aAmati, Chiara Anne.
=245  10$aInvestigation of the links between psychological ill-health, stress and safety$h[electronic resource] /$cChiara Anne Amati, Richard Scaife.
=260  \\$aSudbury :$bHSE,$c2006.
=300  \\$a106 p. :$bdigital, PDF file.
=336  \\$atext$2rdacontent
=337  \\$acomputer$2rdamedia
=338  \\$aonline resource$2rdacarrier
=490  1\$aResearch report ;$v488
=500  \\$aTitle from PDF title page (viewed on 27 February 2009).
=500  \\$aPrepared by The Keil Centre for the Health and Safety Executive.
=504  \\$aIncludes bibliographical references.
=530  \\$aAlso issued in print format.
=538  \\$aMode of access: World Wide Web.
=538  \\$aSystem requirements: Adobe Acrobat Reader.
=650  \0$aIndustrial safety$xPsychological aspects.
=650  \0$aJob stress$xHealth aspects.
=650  \0$aJob stress$xEconomic aspects.
=700  1\$aScaife, Richard.
=710  1\$aGreat Britain.$bHealth and Safety Executive.
=710  2\$aKeil Centre.
=830  \0$aResearch report (Great Britain. Health and Safety Executive) ;$v488.
=852  41$aBritish Library$bHMNTS$jDigital store
=856  40$uhttp://www.hse.gov.uk/research/rrpdf/rr488.pdf
=985  \\$aCOBSI record
=CAT  \\$aBATCH-SURR$b00$c20091015$lBLL01$h1133
=CAT  \\$aBATCH$b00$c20091015$lBLL01$h1135
=CAT  \\$aBATCH-UPD$b00$c20091015$lBLL01$h1322
=CAT  \\$a12181$b40$c20100625$lBLL01$h1747
=CAT  \\$aW1711-1225$c20171203$lBLL01$h1035
=FIN  \\$aY$d20091015
=FMT  \\$a  BK
=LAS  \\$aW1711-1225$b00$c20171203$lBLL01$h1035
=SRC  \\$aCOBSI$b1bcobsi.lex
=STA  \\$aSUPPRESSED$bunable to determine reason for suppression

