=LDR  02102 am a2200541 a 4500
=001  015393427
=003  Uk
=005  20100609174645.0
=006  m||||||||d||||||||
=007  cr||||||||||||
=008  090227s2006\\\\enk\\\\\sb\\\o000|0\eng|\
=040  \\$aStDuBDS$beng$cStDuBDS
=042  \\$aukblsr
=050  \4$aT55
=082  04$a658.382$222
=245  00$aFurther development of health and safety performance management index$h[electronic resource] :$bfor use by business, investors, employees, the regulator and other stakeholders /$cJ. Shaw ... [et al.].
=260  \\$aSudbury :$bHSE,$c2006.
=300  \\$a54 p. :$bdigital, PDF file.
=336  \\$atext$2rdacontent
=337  \\$acomputer$2rdamedia
=338  \\$aonline resource$2rdacarrier
=490  1\$aResearch report ;$v490
=500  \\$aTitle from PDF title page (viewed on 27 February 2009).
=500  \\$aPrepared by Greenstreet Berman Ltd. for the Health and Safety Executive.
=504  \\$aIncludes bibliographical references.
=530  \\$aAlso issued in print format.
=538  \\$aMode of access: World Wide Web.
=538  \\$aSystem requirements: Adobe Acrobat Reader.
=650  \0$aIndustrial safety$xEvaluation.
=650  \0$aIndustrial hygiene$xEvaluation.
=650  \0$aIndustrial safety$xManagement.
=700  1\$aShaw, Joscelyne.
=710  1\$aGreat Britain.$bHealth and Safety Executive.
=710  2\$aGreenstreet Berman (Firm)
=830  \0$aResearch report (Great Britain. Health and Safety Executive) ;$v490.
=852  41$aBritish Library$bHMNTS$jDigital store
=856  40$uhttp://www.hse.gov.uk/research/rrpdf/rr490.pdf
=985  \\$aCOBSI record
=CAT  \\$aBATCH-SURR$b00$c20091015$lBLL01$h1133
=CAT  \\$aBATCH$b00$c20091015$lBLL01$h1135
=CAT  \\$aBATCH-UPD$b00$c20091015$lBLL01$h1322
=CAT  \\$a12181$b40$c20100609$lBLL01$h1746
=CAT  \\$aW1711-1225$c20171203$lBLL01$h1035
=FIN  \\$aY$d20091015
=FMT  \\$a  BK
=LAS  \\$aW1711-1225$b00$c20171203$lBLL01$h1035
=SRC  \\$aCOBSI$b1bcobsi.lex
=STA  \\$aSUPPRESSED$bunable to determine reason for suppression

