=LDR  02005 am a2200517 a 4500
=001  015393430
=003  Uk
=005  20100625164306.0
=006  m||||||||d||||||||
=007  cr||||||||||||
=008  090228s2006\\\\enk\\\\\sb\\\o000|0\eng|\
=040  \\$aStDuBDS$beng$cStDuBDS
=042  \\$aukblsr
=050  \4$aRD680
=082  04$a617.470446$222
=245  04$aThe costs and benefits of active case management and rehabilitation for musculoskeletal disorders$h[electronic resource] /$cMargaret A. Hanson ... [et al.].
=260  \\$aSudbury :$bHSE,$c2006.
=300  \\$a236 p. :$bdigital, PDF file.
=336  \\$atext$2rdacontent
=337  \\$acomputer$2rdamedia
=338  \\$aonline resource$2rdacarrier
=490  1\$aResearch report ;$v493
=500  \\$aTitle from PDF title page (viewed on 28 February 2009).
=500  \\$aPrepared by Hu-Tech Associates Ltd. for the Health and Safety Executive.
=504  \\$aIncludes bibliographical references.
=530  \\$aAlso issued in print format.
=538  \\$aMode of access: World Wide Web.
=538  \\$aSystem requirements: Adobe Acrobat Reader.
=650  \0$aMusculoskeletal system$xWounds and injuries$xTreatment$xCost effectiveness.
=700  1\$aHanson, M. A.
=710  1\$aGreat Britain.$bHealth and Safety Executive.
=710  2\$aHu-Tech Ergonomics.
=830  \0$aResearch report (Great Britain. Health and Safety Executive) ;$v493.
=852  41$aBritish Library$bHMNTS$jDigital store
=856  40$uhttp://www.hse.gov.uk/research/rrpdf/rr493.pdf
=985  \\$aCOBSI record
=CAT  \\$aBATCH-SURR$b00$c20091015$lBLL01$h1133
=CAT  \\$aBATCH$b00$c20091015$lBLL01$h1135
=CAT  \\$aBATCH-UPD$b00$c20091015$lBLL01$h1322
=CAT  \\$a12181$b40$c20100625$lBLL01$h1643
=CAT  \\$aW1711-1225$c20171203$lBLL01$h1035
=FIN  \\$aY$d20091015
=FMT  \\$a  BK
=LAS  \\$aW1711-1225$b00$c20171203$lBLL01$h1035
=SRC  \\$aCOBSI$b1bcobsi.lex
=STA  \\$aSUPPRESSED$bunable to determine reason for suppression

