=LDR  02344 am a2200613 a 4500
=001  015393431
=003  Uk
=005  20110113183239.0
=006  m||||||||d||||||||
=007  cr||||||||||||
=008  090228s2006\\\\enk\\\\\sb\\\o000|0\eng|\
=040  \\$aStDuBDS$beng$cStDuBDS
=042  \\$aukblsr
=050  \4$aTC1665
=082  04$a627.98$222
=100  10$aSanderson, D. J.
=245  14$aThe significance of stress redistribution effects on structural reliability of deepwater jackets$h[electronic resource] /$cD.J. Sanderson & R. Schneider.
=260  \\$aSudbury :$bHSE,$c2006.
=300  \\$a62 p. :$bdigital, PDF file.
=336  \\$atext$2rdacontent
=337  \\$acomputer$2rdamedia
=338  \\$aonline resource$2rdacarrier
=490  1\$aResearch report ;$v494
=500  \\$aTitle from PDF title page (viewed on 28 February 2009).
=500  \\$aPrepared by MMI Engineering Limited for the Health and Safety Executive.
=504  \\$aIncludes bibliographical references.
=530  \\$aAlso issued in print format.
=538  \\$aMode of access: World Wide Web.
=538  \\$aSystem requirements: Adobe Acrobat Reader.
=650  \0$aOffshore structures$xAnchorage.
=650  \0$aOffshore structures$xStability.
=650  \0$aStress concentration.
=700  1\$aSchneider, R.$q(Ronald),$d1978-
=710  1\$aGreat Britain.$bHealth and Safety Executive.
=710  2\$aMMI Engineering Ltd.
=830  \0$aResearch report (Great Britain. Health and Safety Executive) ;$v494.
=852  41$aBritish Library$bHMNTS$jDigital store
=856  40$uhttp://www.hse.gov.uk/research/rrpdf/rr494.pdf
=985  \\$aCOBSI record
=CAT  \\$aBATCH-SURR$b00$c20091015$lBLL01$h1133
=CAT  \\$aBATCH$b00$c20091015$lBLL01$h1135
=CAT  \\$aBATCH-UPD$b00$c20091015$lBLL01$h1322
=CAT  \\$a12181$b40$c20100625$lBLL01$h1453
=CAT  \\$a12181$b40$c20101007$lBLL01$h1305
=CAT  \\$a12181$b40$c20110113$lBLL01$h1819
=CAT  \\$a12181$b40$c20110113$lBLL01$h1832
=CAT  \\$aBATCH-UPD$b40$c20110122$lBLL01$h1727
=CAT  \\$aW1711-1225$c20171203$lBLL01$h1035
=CAT  \\$aBATCH-UPD$b00$c20171203$lBLL01$h1305
=FIN  \\$aY$d20091015
=FMT  \\$a  BK
=LAS  \\$aBATCH-UPD$b00$c20171203$lBLL01$h1305
=SRC  \\$aCOBSI$b1bcobsi.lex
=STA  \\$aSUPPRESSED$bunable to determine reason for suppression

