=LDR  02221 am a2200565 a 4500
=001  015393432
=003  Uk
=005  20100721093327.0
=006  m||||||||d||||||||
=007  cr||||||||||||
=008  090301s2006\\\\enk\\\\\sb\\\o000|0\eng|\
=040  \\$aStDuBDS$beng$cStDuBDS
=042  \\$aukblsr
=050  \4$aHF5549.5.E43
=082  04$a658.473$222
=100  1\$aZarola, Antonio.
=245  10$aViolence management training$h[electronic resource] :$bthe development of effective trainers in the delivery of violence management training in healthcare settings /$cAntonio Zarola, Phil Leather.
=260  \\$aSudbury :$bHSE,$c2006.
=300  \\$a102 p. :$bdigital, PDF file.
=336  \\$atext$2rdacontent
=337  \\$acomputer$2rdamedia
=338  \\$aonline resource$2rdacarrier
=490  1\$aResearch report ;$v495
=500  \\$aTitle from PDF title page (viewed on 1 March 2009).
=500  \\$aPrepared by Zeal Solutions for the Health and Safety Executive.
=504  \\$aIncludes bibliographical references.
=530  \\$aAlso issued in print format.
=538  \\$aMode of access: World Wide Web.
=538  \\$aSystem requirements: Adobe Acrobat Reader.
=650  \0$aViolence in the workplace$xPrevention$xStudy and teaching.
=650  \0$aEmployee training personnel$xTraining of.
=650  \0$aMedical personnel$xIn-service training.
=700  1\$aLeather, Philip,$d1952-
=710  1\$aGreat Britain.$bHealth and Safety Executive.
=710  2\$aZeal Solutions.
=830  \0$aResearch report (Great Britain. Health and Safety Executive) ;$v495.
=852  41$aBritish Library$bHMNTS$jDigital store
=856  40$uhttp://www.hse.gov.uk/research/rrpdf/rr495.pdf
=985  \\$aCOBSI record
=CAT  \\$aBATCH-SURR$b00$c20091015$lBLL01$h1133
=CAT  \\$aBATCH$b00$c20091015$lBLL01$h1135
=CAT  \\$aBATCH-UPD$b00$c20091015$lBLL01$h1322
=CAT  \\$a12181$b40$c20100625$lBLL01$h1249
=CAT  \\$a10743$b40$c20100721$lBLL01$h0933
=CAT  \\$aW1711-1225$c20171203$lBLL01$h1035
=FIN  \\$aY$d20091015
=FMT  \\$a  BK
=LAS  \\$aW1711-1225$b00$c20171203$lBLL01$h1035
=SRC  \\$aCOBSI$b1bcobsi.lex
=STA  \\$aSUPPRESSED$bunable to determine reason for suppression

