=LDR  02321 am a2200589 a 4500
=001  015393435
=003  Uk
=005  20100609165911.0
=006  m||||||||d||||||||
=007  cr||||||||||||
=008  090301s2006\\\\enk||||\sb\\\o000|0\eng|\
=040  \\$aStDuBDS$beng$cStDuBDS
=042  \\$aukblsr
=050  \4$aSB953
=082  04$a632.95042$222
=100  10$aRimmer, D. A.
=245  10$aDevelopment of a modelling tool for pesticide spray drift.$pPhase 1, data gathering and feasibility testing$h[electronic resource] /$cD.A. Rimmer, P.D. Johnson & A. Kelsey.
=260  \\$aSudbury :$bHSE,$c2006.
=300  \\$a74 p. :$bdigital, PDF file.
=336  \\$atext$2rdacontent
=337  \\$acomputer$2rdamedia
=338  \\$aonline resource$2rdacarrier
=490  1\$aResearch report ;$v498
=500  \\$aTitle from PDF title page (viewed on 1 March 2009).
=500  \\$aPrepared by the Health and Safety Laboratory for the Health and Safety Executive.
=504  \\$aIncludes bibliographical references.
=530  \\$aAlso issued in print format.
=538  \\$aMode of access: World Wide Web.
=538  \\$aSystem requirements: Adobe Acrobat Reader.
=650  \0$aPesticides$xApplication.
=650  \0$aPesticides$xEnvironmental aspects$xMathematical models.
=650  \0$aSpraying and dusting in agriculture$xMathematical models.
=700  1\$aJohnson, P. D.
=700  1\$aKelsey, A.$q(Adrian),$d1964-
=710  1\$aGreat Britain.$bHealth and Safety Executive.
=710  2\$aHealth and Safety Laboratory (Great Britain)
=830  \0$aResearch report (Great Britain. Health and Safety Executive) ;$v498.
=852  41$aBritish Library$bHMNTS$jDigital store
=856  40$uhttp://www.hse.gov.uk/research/rrpdf/rr498.pdf
=985  \\$aCOBSI record
=CAT  \\$aBATCH-SURR$b00$c20091015$lBLL01$h1133
=CAT  \\$aBATCH$b00$c20091015$lBLL01$h1135
=CAT  \\$aBATCH-UPD$b00$c20091015$lBLL01$h1322
=CAT  \\$a12181$b40$c20100609$lBLL01$h1658
=CAT  \\$a12181$b40$c20100609$lBLL01$h1659
=CAT  \\$aW1711-1225$c20171203$lBLL01$h1035
=CAT  \\$aBATCH-UPD$b00$c20171203$lBLL01$h1305
=FIN  \\$aY$d20091015
=FMT  \\$a  BK
=LAS  \\$aBATCH-UPD$b00$c20171203$lBLL01$h1305
=SRC  \\$aCOBSI$b1bcobsi.lex
=STA  \\$aSUPPRESSED$bunable to determine reason for suppression

