=LDR  02050 am a2200517 a 4500
=001  015393436
=003  Uk
=005  20100518175148.0
=006  m||||||||d||||||||
=007  cr||||||||||||
=008  090301s2006\\\\enk\\\\\s\\\\o000|0\eng|\
=040  \\$aStDuBDS$beng$cStDuBDS
=042  \\$aukblsr
=050  \4$aHD7695
=082  04$a658.4080941$222
=245  00$aCase studies that identify and exemplify boards of directors who provide leadership and direction on occupational health and safety$h[electronic resource] /$cAngela McMahon ... [et al.].
=260  \\$aSudbury :$bHSE,$c2006.
=300  \\$a182 p. :$bdigital, PDF file.
=336  \\$atext$2rdacontent
=337  \\$acomputer$2rdamedia
=338  \\$aonline resource$2rdacarrier
=490  1\$aResearch report ;$v499
=500  \\$aTitle from PDF title page (viewed on 1 March 2009).
=500  \\$aPrepared by Greenstreet Berman Ltd. for the Health and Safety Executive.
=530  \\$aAlso issued in print format.
=538  \\$aMode of access: World Wide Web.
=538  \\$aSystem requirements: Adobe Acrobat Reader.
=650  \0$aIndustrial hygiene$zGreat Britain$xManagement$vCase studies.
=650  \0$aIndustrial safety$zGreat Britain$xManagement$vCase studies.
=700  1\$aMcMahon, Angela.
=710  1\$aGreat Britain.$bHealth and Safety Executive.
=710  2\$aGreenstreet Berman (Firm)
=830  \0$aResearch report (Great Britain. Health and Safety Executive) ;$v499.
=852  41$aBritish Library$bHMNTS$jDigital store
=856  40$uhttp://www.hse.gov.uk/research/rrpdf/rr499.pdf
=985  \\$aCOBSI record
=CAT  \\$aBATCH-SURR$b00$c20091015$lBLL01$h1133
=CAT  \\$aBATCH$b00$c20091015$lBLL01$h1135
=CAT  \\$aBATCH-UPD$b00$c20091015$lBLL01$h1322
=CAT  \\$a12181$b40$c20100518$lBLL01$h1751
=CAT  \\$aW1711-1225$c20171203$lBLL01$h1035
=FIN  \\$aY$d20091015
=FMT  \\$a  BK
=LAS  \\$aW1711-1225$b00$c20171203$lBLL01$h1035
=SRC  \\$aCOBSI$b1bcobsi.lex
=STA  \\$aSUPPRESSED$bunable to determine reason for suppression

