=LDR  02062 am a2200541 a 4500
=001  015393437
=003  Uk
=005  20100625120612.0
=006  m||||||||d||||||||
=007  cr||||||||||||
=008  090301s2006\\\\enk\\\\\sb\\\o000|0\eng|\
=040  \\$aStDuBDS$beng$cStDuBDS
=042  \\$aukblsr
=050  \4$aHD7269.O342
=082  04$a363.11962233819$222
=100  1\$aRandle, Ian.
=245  10$aManual handling incidents database$h[electronic resource] :$ba compilation and analysis of offshore industry reports /$cIan Randle, Calum Smith.
=260  \\$aSudbury :$bHSE,$c2006.
=300  \\$a64 p. :$bdigital, PDF file.
=336  \\$atext$2rdacontent
=337  \\$acomputer$2rdamedia
=338  \\$aonline resource$2rdacarrier
=490  1\$aResearch report ;$v500
=500  \\$aTitle from PDF title page (viewed on 1 March 2009).
=500  \\$aPrepared by Hu-Tech Ergonomics for the Health and Safety Executive.
=504  \\$aIncludes bibliographical references.
=530  \\$aAlso issued in print format.
=538  \\$aMode of access: World Wide Web.
=538  \\$aSystem requirements: Adobe Acrobat Reader.
=650  \0$aLifting and carrying$vCase studies.
=650  \0$aOffshore oil industry$xAccidents$zGreat Britain$vCase studies.
=700  1\$aSmith, Calum.
=710  1\$aGreat Britain.$bHealth and Safety Executive.
=710  2\$aHu-Tech Ergonomics.
=830  \0$aResearch report (Great Britain. Health and Safety Executive) ;$v500.
=852  41$aBritish Library$bHMNTS$jDigital store
=856  40$uhttp://www.hse.gov.uk/research/rrpdf/rr500.pdf
=985  \\$aCOBSI record
=CAT  \\$aBATCH-SURR$b00$c20091015$lBLL01$h1133
=CAT  \\$aBATCH$b00$c20091015$lBLL01$h1135
=CAT  \\$aBATCH-UPD$b00$c20091015$lBLL01$h1322
=CAT  \\$a12181$b40$c20100625$lBLL01$h1206
=CAT  \\$aW1711-1225$c20171203$lBLL01$h1035
=FIN  \\$aY$d20091015
=FMT  \\$a  BK
=LAS  \\$aW1711-1225$b00$c20171203$lBLL01$h1035
=SRC  \\$aCOBSI$b1bcobsi.lex
=STA  \\$aSUPPRESSED$bunable to determine reason for suppression

