=LDR  02150 am a2200553 a 4500
=001  015393438
=003  Uk
=005  20100518174011.0
=006  m||||||||d||||||||
=007  cr||||||||||||
=008  090301s2006\\\\enk\\\\\sb\\\o000|0\eng|\
=040  \\$aStDuBDS$beng$cStDuBDS
=042  \\$aukblsr
=050  \4$aRC967
=082  04$a616.9803$222
=245  00$aTriggers for non-specific symptoms in the workplace$h[electronic resource] :$bindividual differences, stress and environmental (odour and sound) factors /$cEamonn Ferguson ... [et al.].
=260  \\$aSudbury :$bHSE,$c2006.
=300  \\$a112 p. :$bdigital, PDF file.
=336  \\$atext$2rdacontent
=337  \\$acomputer$2rdamedia
=338  \\$aonline resource$2rdacarrier
=490  1\$aResearch report ;$v501
=500  \\$aTitle from PDF title page (viewed on 1 March 2009).
=500  \\$aPrepared by the University of Nottingham and the Health and Safety Laboratory for the Health and Safety Executive.
=504  \\$aIncludes bibliographical references.
=530  \\$aAlso issued in print format.
=538  \\$aMode of access: World Wide Web.
=538  \\$aSystem requirements: Adobe Acrobat Reader.
=650  \0$aIndustrial hygiene.
=650  \0$aOccupational diseases.
=650  \0$aSymptoms.
=700  1\$aFerguson, Eamonn.
=710  1\$aGreat Britain.$bHealth and Safety Executive.
=710  2\$aUniversity of Nottingham.
=710  2\$aHealth and Safety Laboratory (Great Britain)
=830  \0$aResearch report (Great Britain. Health and Safety Executive) ;$v501.
=852  41$aBritish Library$bHMNTS$jDigital store
=856  40$uhttp://www.hse.gov.uk/research/rrpdf/rr501.pdf
=985  \\$aCOBSI record
=CAT  \\$aBATCH-SURR$b00$c20091015$lBLL01$h1133
=CAT  \\$aBATCH$b00$c20091015$lBLL01$h1135
=CAT  \\$aBATCH-UPD$b00$c20091015$lBLL01$h1322
=CAT  \\$a12181$b40$c20100518$lBLL01$h1740
=CAT  \\$aW1711-1225$c20171203$lBLL01$h1035
=FIN  \\$aY$d20091015
=FMT  \\$a  BK
=LAS  \\$aW1711-1225$b00$c20171203$lBLL01$h1035
=SRC  \\$aCOBSI$b1bcobsi.lex
=STA  \\$aSUPPRESSED$bunable to determine reason for suppression

