=LDR  01923 am a2200517 a 4500
=001  015393439
=003  Uk
=005  20100518172840.0
=006  m||||||||d||||||||
=007  cr||||||||||||
=008  090301s2006\\\\enk\\\\\sb\\\o000|0\eng|\
=040  \\$aStDuBDS$beng$cStDuBDS
=042  \\$aukblsr
=050  \4$aHD5856.G7
=082  04$a363.11086240941$222
=100  1\$aMcKay, Sonia.
=245  10$aMigrant workers in England and Wales$h[electronic resource] :$ban assessment of migrant worker health and safety risks /$cSonia McKay, Marc Craw, Deepta Chopra.
=260  \\$aSudbury :$bHSE,$c2006.
=300  \\$a287 p. :$bdigital, PDF file.
=336  \\$atext$2rdacontent
=337  \\$acomputer$2rdamedia
=338  \\$aonline resource$2rdacarrier
=490  1\$aResearch report ;$v502
=500  \\$aTitle from PDF title page (viewed on 1 March 2009).
=504  \\$aIncludes bibliographical references.
=530  \\$aAlso issued in print format.
=538  \\$aMode of access: World Wide Web.
=538  \\$aSystem requirements: Adobe Acrobat Reader.
=650  \0$aMigrant labor$xHealth and hygiene$zGreat Britain.
=700  1\$aCraw, Marc.
=700  1\$aChopra, Deepta.
=710  1\$aGreat Britain.$bHealth and Safety Executive.
=830  \0$aResearch report (Great Britain. Health and Safety Executive) ;$v502.
=852  41$aBritish Library$bHMNTS$jDigital store
=856  40$uhttp://www.hse.gov.uk/research/rrpdf/rr502.pdf
=985  \\$aCOBSI record
=CAT  \\$aBATCH-SURR$b00$c20091015$lBLL01$h1133
=CAT  \\$aBATCH$b00$c20091015$lBLL01$h1135
=CAT  \\$aBATCH-UPD$b00$c20091015$lBLL01$h1322
=CAT  \\$a12181$b40$c20100518$lBLL01$h1728
=CAT  \\$aW1711-1225$c20171203$lBLL01$h1035
=FIN  \\$aY$d20091015
=FMT  \\$a  BK
=LAS  \\$aW1711-1225$b00$c20171203$lBLL01$h1035
=SRC  \\$aCOBSI$b1bcobsi.lex
=STA  \\$aSUPPRESSED$bunable to determine reason for suppression

