=LDR  02147 am a2200541 a 4500
=001  015393441
=003  Uk
=005  20100518180624.0
=006  m||||||||d||||||||
=007  cr||||||||||||
=008  090301s2006\\\\enk\\\\\s\\\\o000|0\eng|\
=040  \\$aStDuBDS$beng$cStDuBDS
=042  \\$aukblsr
=050  \4$aHD7695
=082  04$a658.4080941$222
=245  00$aSix SME case studies that demonstrate the business benefit of effective management of occupational health and safety$h[electronic resource] /$cA. Antonelli ... [et al.].
=260  \\$aSudbury :$bHSE,$c2006.
=300  \\$a54 p. :$bdigital, PDF file.
=336  \\$atext$2rdacontent
=337  \\$acomputer$2rdamedia
=338  \\$aonline resource$2rdacarrier
=490  1\$aResearch report ;$v504
=500  \\$aTitle from PDF title page (viewed on 1 March 2009).
=500  \\$aPrepared by Greenstreet Berman Ltd. for the Health and Safety Executive.
=530  \\$aAlso issued in print format.
=538  \\$aMode of access: World Wide Web.
=538  \\$aSystem requirements: Adobe Acrobat Reader.
=650  \0$aIndustrial safety$zGreat Britain$xManagement$vCase studies.
=650  \0$aIndustrial hygiene$zGreat Britain$xManagement$vCase studies.
=650  \0$aSmall business$xManagement$vCase studies.
=700  1\$aAntonelli, A.$q(Ali).
=710  1\$aGreat Britain.$bHealth and Safety Executive.
=710  2\$aGreenstreet Berman (Firm)
=830  \0$aResearch report (Great Britain. Health and Safety Executive) ;$v504.
=852  41$aBritish Library$bHMNTS$jDigital store
=856  40$uhttp://www.hse.gov.uk/research/rrpdf/rr504.pdf
=985  \\$aCOBSI record
=CAT  \\$aBATCH-SURR$b00$c20091015$lBLL01$h1133
=CAT  \\$aBATCH$b00$c20091015$lBLL01$h1135
=CAT  \\$aBATCH-UPD$b00$c20091015$lBLL01$h1322
=CAT  \\$a12181$b40$c20100518$lBLL01$h1806
=CAT  \\$aW1711-1225$c20171203$lBLL01$h1035
=CAT  \\$aBATCH-UPD$b00$c20171203$lBLL01$h1305
=FIN  \\$aY$d20091015
=FMT  \\$a  BK
=LAS  \\$aBATCH-UPD$b00$c20171203$lBLL01$h1305
=SRC  \\$aCOBSI$b1bcobsi.lex
=STA  \\$aSUPPRESSED$bunable to determine reason for suppression

