=LDR  02261 am a2200565 a 4500
=001  015393442
=003  Uk
=005  20100420175627.0
=006  m||||||||d||||||||
=007  cr||||||||||||
=008  090301s2006\\\\enk\\\\\sb\\\o000|0\eng|\
=040  \\$aStDuBDS$beng$cStDuBDS
=042  \\$aukblsr
=050  \4$aTH443
=082  04$a690.22$222
=100  1\$aChinien, Viken.
=245  10$aTrojan horse health and safety messaging$h[electronic resource] :$ban assessment of the long-term and behavioural impact on construction site operatives /$cViken Chinien, Alistair Cheyne.
=260  \\$aSudbury :$bHSE,$c2006.
=300  \\$a62 p. :$bdigital, PDF file.
=336  \\$atext$2rdacontent
=337  \\$acomputer$2rdamedia
=338  \\$aonline resource$2rdacarrier
=490  1\$aResearch report ;$v505
=500  \\$aTitle from PDF title page (viewed on 1 March 2009).
=500  \\$aPrepared by SCI and Loughborough University for the Health and Safety Executive.
=504  \\$aIncludes bibliographical references.
=530  \\$aAlso issued in print format.
=538  \\$aMode of access: World Wide Web.
=538  \\$aSystem requirements: Adobe Acrobat Reader.
=650  \0$aBuilding sites$zGreat Britain$xSafety measures.
=650  \0$aConstruction industry$xEmployees$xHealth and hygiene$zGreat Britain.
=650  \0$aCommunication in industrial safety$zGreat Britain.
=700  1\$aCheyne, Alistair.
=710  1\$aGreat Britain.$bHealth and Safety Executive.
=710  2\$aSteel Construction Institute (Great Britain)
=710  2\$aLoughborough University.
=830  \0$aResearch report (Great Britain. Health and Safety Executive) ;$v505.
=852  41$aBritish Library$bHMNTS$jDigital store
=856  40$uhttp://www.hse.gov.uk/research/rrpdf/rr505.pdf
=985  \\$aCOBSI record
=CAT  \\$aBATCH-SURR$b00$c20091015$lBLL01$h1133
=CAT  \\$aBATCH$b00$c20091015$lBLL01$h1135
=CAT  \\$aBATCH-UPD$b00$c20091015$lBLL01$h1322
=CAT  \\$a12181$b40$c20100420$lBLL01$h1756
=CAT  \\$aW1711-1225$c20171203$lBLL01$h1035
=FIN  \\$aY$d20091015
=FMT  \\$a  BK
=LAS  \\$aW1711-1225$b00$c20171203$lBLL01$h1035
=SRC  \\$aCOBSI$b1bcobsi.lex
=STA  \\$aSUPPRESSED$bunable to determine reason for suppression

