=LDR  02076 am a2200553 a 4500
=001  015393443
=003  Uk
=005  20100625110859.0
=006  m||||||||d||||||||
=007  cr||||||||||||
=008  090301s2006\\\\enk\\\\\sb\\\o000|0\eng|\
=040  \\$aStDuBDS$beng$cStDuBDS
=042  \\$aukblsr
=050  \4$aHD7695
=082  04$a658.4080941$222
=100  1\$aBoardman, Jacqui.
=245  10$aDefining best practice in corporate occupational health and safety governance$h[electronic resource] /$cJacqui Boardman & Angus Lyon.
=260  \\$aSudbury :$bHSE,$c2006.
=300  \\$a66 p. :$bdigital, PDF file.
=336  \\$atext$2rdacontent
=337  \\$acomputer$2rdamedia
=338  \\$aonline resource$2rdacarrier
=490  1\$aResearch report ;$v506
=500  \\$aTitle from PDF title page (viewed on 1 March 2009).
=500  \\$aPrepared by Acona Ltd. for the Health and Safety Executive.
=504  \\$aIncludes bibliographical references.
=530  \\$aAlso issued in print format.
=538  \\$aMode of access: World Wide Web.
=538  \\$aSystem requirements: Adobe Acrobat Reader.
=650  \0$aIndustrial hygiene$zGreat Britain$xManagement.
=650  \0$aIndustrial safety$zGreat Britain$xManagement.
=650  \0$aCorporate governance$zGreat Britain.
=700  1\$aLyon, Angus.
=710  1\$aGreat Britain.$bHealth and Safety Executive.
=710  2\$aAcona Ltd.
=830  \0$aResearch report (Great Britain. Health and Safety Executive) ;$v506.
=852  41$aBritish Library$bHMNTS$jDigital store
=856  40$uhttp://www.hse.gov.uk/research/rrpdf/rr506.pdf
=985  \\$aCOBSI record
=CAT  \\$aBATCH-SURR$b00$c20091015$lBLL01$h1133
=CAT  \\$aBATCH$b00$c20091015$lBLL01$h1135
=CAT  \\$aBATCH-UPD$b00$c20091015$lBLL01$h1322
=CAT  \\$a12181$b40$c20100625$lBLL01$h1108
=CAT  \\$aW1711-1225$c20171203$lBLL01$h1035
=FIN  \\$aY$d20091015
=FMT  \\$a  BK
=LAS  \\$aW1711-1225$b00$c20171203$lBLL01$h1035
=SRC  \\$aCOBSI$b1bcobsi.lex
=STA  \\$aSUPPRESSED$bunable to determine reason for suppression

