=LDR  02170 am a2200541 a 4500
=001  015393444
=003  Uk
=005  20091111173803.0
=006  m||||||||d||||||||
=007  cr||||||||||||
=008  090301s2006\\\\enk\\\\\s\\\\o000|0\eng|\
=040  \\$aStDuBDS$beng$cStDuBDS
=042  \\$aukblsr
=050  \4$aS565
=082  04$a363.119630941$222
=100  1\$aMichaelis, Charles.
=245  10$aScoping study determining the potential of engaging stakeholders in the food supply chain to support and influence farmers to promote health and safety$h[electronic resource] /$cCharles Michaelis & Michelle McGuire.
=260  \\$aSudbury :$bHSE,$c2006.
=300  \\$a74 p. :$bdigital, PDF file.
=336  \\$atext$2rdacontent
=337  \\$acomputer$2rdamedia
=338  \\$aonline resource$2rdacarrier
=490  1\$aResearch report ;$v507
=500  \\$aTitle from PDF title page (viewed on 1 March 2009).
=500  \\$aPrepared by Databuild Research & Solutions Ltd. for the Health and Safety Executive.
=530  \\$aAlso issued in print format.
=538  \\$aMode of access: World Wide Web.
=538  \\$aSystem requirements: Adobe Acrobat Reader.
=650  \0$aAgriculture$zGreat Britain$xSafety measures.
=650  \0$aFood industry and trade$zGreat Britain$xEmployees$xHealth and hygiene.
=700  1\$aMcGuire, Michelle,$d1980-
=710  1\$aGreat Britain.$bHealth and Safety Executive.
=710  2\$aDatabuild (Firm)
=830  \0$aResearch report (Great Britain. Health and Safety Executive) ;$v507.
=852  41$aBritish Library$bHMNTS$jDigital store
=856  40$uhttp://www.hse.gov.uk/research/rrpdf/rr507.pdf
=985  \\$aCOBSI record
=CAT  \\$aBATCH-SURR$b00$c20091015$lBLL01$h1133
=CAT  \\$aBATCH$b00$c20091015$lBLL01$h1135
=CAT  \\$aBATCH-UPD$b00$c20091015$lBLL01$h1322
=CAT  \\$a12181$b40$c20091102$lBLL01$h1038
=CAT  \\$a12181$b40$c20091111$lBLL01$h1738
=CAT  \\$aW1711-1225$c20171203$lBLL01$h1035
=FIN  \\$aY$d20091015
=FMT  \\$a  BK
=LAS  \\$aW1711-1225$b00$c20171203$lBLL01$h1035
=SRC  \\$aCOBSI$b1bcobsi.lex
=STA  \\$aSUPPRESSED$bunable to determine reason for suppression

