=LDR  02119 am a2200553 a 4500
=001  015393446
=003  Uk
=005  20100609161727.0
=006  m||||||||d||||||||
=007  cr||||||||||||
=008  090301s2006\\\\enk\\\\\s\\\\o000|0\eng|\
=040  \\$aStDuBDS$beng$cStDuBDS
=042  \\$aukblsr
=050  \4$aTS192
=082  04$a363.17$222
=245  00$aPlant ageing$h[electronic resource] :$bmanagement of equipment containing hazardous fluids or pressure /$cJohn Wintle ... [et al.].
=260  \\$aSudbury :$bHSE,$c2006.
=300  \\$a146 p. :$bdigital, PDF file.
=336  \\$atext$2rdacontent
=337  \\$acomputer$2rdamedia
=338  \\$aonline resource$2rdacarrier
=490  1\$aResearch report ;$v509
=500  \\$aTitle from PDF title page (viewed on 1 March 2009).
=500  \\$aPrepared by TWI Ltd, ABB Engineering Services, SCS (INTL) Ltd and Allianz Cornhill Engineering for the Health and Safety Executive.
=530  \\$aAlso issued in print format.
=538  \\$aMode of access: World Wide Web.
=538  \\$aSystem requirements: Adobe Acrobat Reader.
=650  \0$aPlant maintenance.
=650  \0$aIndustrial equipment$xInspection.
=700  1\$aWintle, J. B.$q(John B.).
=710  1\$aGreat Britain.$bHealth and Safety Executive.
=710  2\$aWelding Institute.
=710  2\$aABB Engineering Services.
=710  2\$aAllianz Engineering (Firm)
=830  \0$aResearch report (Great Britain. Health and Safety Executive) ;$v509.
=852  41$aBritish Library$bHMNTS$jDigital store
=856  40$uhttp://www.hse.gov.uk/research/rrpdf/rr509.pdf
=985  \\$aCOBSI record
=CAT  \\$aBATCH-SURR$b00$c20091015$lBLL01$h1133
=CAT  \\$aBATCH$b00$c20091015$lBLL01$h1135
=CAT  \\$aBATCH-UPD$b00$c20091015$lBLL01$h1322
=CAT  \\$a12181$b40$c20100609$lBLL01$h1617
=CAT  \\$aW1711-1225$c20171203$lBLL01$h1035
=CAT  \\$aBATCH-UPD$b00$c20171203$lBLL01$h1305
=FIN  \\$aY$d20091015
=FMT  \\$a  BK
=LAS  \\$aBATCH-UPD$b00$c20171203$lBLL01$h1305
=SRC  \\$aCOBSI$b1bcobsi.lex
=STA  \\$aSUPPRESSED$bunable to determine reason for suppression

