=LDR  02144 am a2200565 a 4500
=001  015393447
=003  Uk
=005  20100420172948.0
=006  m||||||||d||||||||
=007  cr||||||||||||
=008  090302s2006\\\\enk\\\\\sb\\\o000|0\eng|\
=040  \\$aStDuBDS$beng$cStDuBDS
=042  \\$aukblsr
=050  \4$aHD7261
=082  04$a658.382$222
=100  1\$aSheikh, Sadia.
=245  10$aHealth and safety management and business economic performance$h[electronic resource] :$ban econometric study /$cSadia Sheikh, Ben Gardiner & Saxon Brettell.
=260  \\$aSudbury :$bHSE,$c2006.
=300  \\$a76 p. :$bdigital, PDF file.
=336  \\$atext$2rdacontent
=337  \\$acomputer$2rdamedia
=338  \\$aonline resource$2rdacarrier
=490  1\$aResearch report ;$v510
=500  \\$aTitle from PDF title page (viewed on 2 March 2009).
=500  \\$aPrepared by Cambridge Econometrics for the Health and Safety Executive.
=504  \\$aIncludes bibliographical references.
=530  \\$aAlso issued in print format.
=538  \\$aMode of access: World Wide Web.
=538  \\$aSystem requirements: Adobe Acrobat Reader.
=650  \0$aIndustrial hygiene$xEconomic aspects.
=650  \0$aIndustrial safety$xEconomic aspects.
=650  \0$aIndustrial productivity$zGreat Britain.
=700  1\$aGardiner, Ben.
=700  1\$aBrettell, Saxon.
=710  1\$aGreat Britain.$bHealth and Safety Executive.
=710  2\$aCambridge Econometrics (Firm)
=830  \0$aResearch report (Great Britain. Health and Safety Executive) ;$v510.
=852  41$aBritish Library$bHMNTS$jDigital store
=856  40$uhttp://www.hse.gov.uk/research/rrpdf/rr510.pdf
=985  \\$aCOBSI record
=CAT  \\$aBATCH-SURR$b00$c20091015$lBLL01$h1133
=CAT  \\$aBATCH$b00$c20091015$lBLL01$h1135
=CAT  \\$aBATCH-UPD$b00$c20091015$lBLL01$h1322
=CAT  \\$a12181$b40$c20100420$lBLL01$h1729
=CAT  \\$aW1711-1225$c20171203$lBLL01$h1035
=FIN  \\$aY$d20091015
=FMT  \\$a  BK
=LAS  \\$aW1711-1225$b00$c20171203$lBLL01$h1035
=SRC  \\$aCOBSI$b1bcobsi.lex
=STA  \\$aSUPPRESSED$bunable to determine reason for suppression

