=LDR  02160 am a2200553 a 4500
=001  015393448
=003  Uk
=005  20100609140901.0
=006  m||||||||d||||||||
=007  cr||||||||||||
=008  090302s2007\\\\enk\\\\\sb\\\o000|0\eng|\
=040  \\$aStDuBDS$beng$cStDuBDS
=042  \\$aukblsr
=050  \4$aTP692.5
=082  04$a363.119665540941$222
=100  1\$aFranks, Andrew.
=245  10$aRevised land use planning arrangements around large scale petroleum depots$h[electronic resource] /$cAndrew Franks.
=260  \\$aSudbury :$bHSE,$c2007.
=300  \\$a90 p. :$bdigital, PDF file.
=336  \\$atext$2rdacontent
=337  \\$acomputer$2rdamedia
=338  \\$aonline resource$2rdacarrier
=490  1\$aResearch report ;$v511
=500  \\$aTitle from PDF title page (viewed on 2 March 2009).
=500  \\$aPrepared by Environmental Resources Management Ltd. for the Health and Safety Executive.
=504  \\$aIncludes bibliographical references.
=530  \\$aAlso issued in print format.
=538  \\$aMode of access: World Wide Web.
=538  \\$aSystem requirements: Adobe Acrobat Reader.
=650  \0$aPetroleum$xStorage$zGreat Britain$xSafety measures.
=650  \0$aLand use$zGreat Britain$xPlanning.
=650  \0$aPetroleum industry and trade$zGreat Britain$xSafety measures.
=710  1\$aGreat Britain.$bHealth and Safety Executive.
=710  2\$aEnvironmental Resources Management (Firm)
=830  \0$aResearch report (Great Britain. Health and Safety Executive) ;$v511.
=852  41$aBritish Library$bHMNTS$jDigital store
=856  40$uhttp://www.hse.gov.uk/research/rrpdf/rr511.pdf
=985  \\$aCOBSI record
=CAT  \\$aBATCH-SURR$b00$c20091015$lBLL01$h1133
=CAT  \\$aBATCH$b00$c20091015$lBLL01$h1135
=CAT  \\$aBATCH-UPD$b00$c20091015$lBLL01$h1322
=CAT  \\$a5194$b40$c20100401$lBLL01$h1255
=CAT  \\$a12181$b40$c20100609$lBLL01$h1409
=CAT  \\$aW1711-1225$c20171203$lBLL01$h1035
=FIN  \\$aY$d20091015
=FMT  \\$a  BK
=LAS  \\$aW1711-1225$b00$c20171203$lBLL01$h1035
=SRC  \\$aCOBSI$b1bcobsi.lex
=STA  \\$aSUPPRESSED$bunable to determine reason for suppression

