=LDR  01906 am a2200517 a 4500
=001  015393451
=003  Uk
=005  20171203130500.0
=006  m||||||||d||||||||
=007  cr||||||||||||
=008  090302s2006\\\\enk\\\\\s\\\\o000|0\eng|\
=040  \\$aStDuBDS$beng$cStDuBDS
=042  \\$aukblsr
=050  \4$aVK371
=082  04$a623.8884$222
=100  10$aRobson, J. K.
=245  10$aOverview of collision detection in the UKCS$h[electronic resource] /$cJ.K. Robson.
=260  \\$aSudbury :$bHSE,$c2006.
=300  \\$a92 p. :$bdigital, PDF file.
=336  \\$atext$2rdacontent
=337  \\$acomputer$2rdamedia
=338  \\$aonline resource$2rdacarrier
=490  1\$aResearch report ;$v514
=500  \\$aTitle from PDF title page (viewed on 2 March 2009).
=500  \\$aPrepared by AEA Technology plc. for the Health and Safety Executive.
=530  \\$aAlso issued in print format.
=538  \\$aMode of access: World Wide Web.
=538  \\$aSystem requirements: Adobe Acrobat Reader.
=650  \0$aCollisions at sea$zNorth Atlantic Ocean$xPrevention.
=650  \0$aShips$xAutomatic identification systems.
=710  1\$aGreat Britain.$bHealth and Safety Executive.
=710  2\$aAEA Technology (Firm)
=830  \0$aResearch report (Great Britain. Health and Safety Executive) ;$v514.
=852  41$aBritish Library$bHMNTS$jDigital store
=856  40$uhttp://www.hse.gov.uk/research/rrpdf/rr514.pdf
=985  \\$aCOBSI record
=CAT  \\$aBATCH-SURR$b00$c20091015$lBLL01$h1133
=CAT  \\$aBATCH$b00$c20091015$lBLL01$h1135
=CAT  \\$aBATCH-UPD$b00$c20091015$lBLL01$h1322
=CAT  \\$aW1711-1225$c20171203$lBLL01$h1035
=CAT  \\$aBATCH-UPD$b00$c20171203$lBLL01$h1305
=FIN  \\$aY$d20091015
=FMT  \\$a  BK
=LAS  \\$aBATCH-UPD$b00$c20171203$lBLL01$h1305
=SRC  \\$aCOBSI$b1bcobsi.lex
=STA  \\$aSUPPRESSED$bunable to determine reason for suppression

