=LDR  02102 am a2200529 a 4500
=001  015393452
=003  Uk
=005  20171203103500.0
=006  m||||||||d||||||||
=007  cr||||||||||||
=008  090302s2006\\\\enk\\\\\sb\\\o000|0\eng|\
=040  \\$aStDuBDS$beng$cStDuBDS
=042  \\$aukblsr
=050  \4$aHD7262.5.G7
=082  04$a363.110941$222
=245  00$aStudy of the public reporting of occupational health and safety performance in 2005 by UK businesses with over 250 employees$h[electronic resource] /$cAnsgar Kupper ... [et al.].
=260  \\$aSudbury :$bHSE,$c2006.
=300  \\$a126 p. :$bdigital, PDF file.
=336  \\$atext$2rdacontent
=337  \\$acomputer$2rdamedia
=338  \\$aonline resource$2rdacarrier
=490  1\$aResearch report ;$v515
=500  \\$aTitle from PDF title page (viewed on 2 March 2009).
=500  \\$aPrepared by System Concepts Limited for the Health and Safety Executive.
=504  \\$aIncludes bibliographical references.
=530  \\$aAlso issued in print format.
=538  \\$aMode of access: World Wide Web.
=538  \\$aSystem requirements: Adobe Acrobat Reader.
=650  \0$aIndustrial accidents$xReporting$zGreat Britain.
=650  \0$aIndustrial hygiene$zGreat Britain$xInformation resources.
=650  \0$aIndustrial safety$zGreat Britain$xInformation resources.
=700  1\$aKupper, Ansgar.
=710  1\$aGreat Britain.$bHealth and Safety Executive.
=710  2\$aSystem Concepts Ltd.
=830  \0$aResearch report (Great Britain. Health and Safety Executive) ;$v515.
=852  41$aBritish Library$bHMNTS$jDigital store
=856  40$uhttp://www.hse.gov.uk/research/rrpdf/rr515.pdf
=985  \\$aCOBSI record
=CAT  \\$aBATCH-SURR$b00$c20091015$lBLL01$h1133
=CAT  \\$aBATCH$b00$c20091015$lBLL01$h1135
=CAT  \\$aBATCH-UPD$b00$c20091015$lBLL01$h1322
=CAT  \\$aW1711-1225$c20171203$lBLL01$h1035
=FIN  \\$aY$d20091015
=FMT  \\$a  BK
=LAS  \\$aW1711-1225$b00$c20171203$lBLL01$h1035
=SRC  \\$aCOBSI$b1bcobsi.lex
=STA  \\$aSUPPRESSED$bunable to determine reason for suppression

