=LDR  01937 am a2200517 a 4500
=001  015393454
=003  Uk
=005  20100407173704.0
=006  m||||||||d||||||||
=007  cr||||||||||||
=008  090302s2006\\\\enk\\\\\s\\\\o000|0\eng|\
=040  \\$aStDuBDS$beng$cStDuBDS
=042  \\$aukblsr
=050  \4$aRA772.N7
=082  04$a363.1197807841$222
=100  1\$aButterfield, Deni.
=245  10$aMeasurement of noise levels that staff are exposed to at live music events$h[electronic resource] /$cDeni Butterfield.
=260  \\$aSudbury :$bHSE,$c2006.
=300  \\$a168 p. :$bdigital, PDF file.
=336  \\$atext$2rdacontent
=337  \\$acomputer$2rdamedia
=338  \\$aonline resource$2rdacarrier
=490  1\$aResearch report ;$v517
=500  \\$aTitle from PDF title page (viewed on 2 March 2009).
=500  \\$aPrepared by Capita Symonds for the Health and Safety Executive.
=530  \\$aAlso issued in print format.
=538  \\$aMode of access: World Wide Web.
=538  \\$aSystem requirements: Adobe Acrobat Reader.
=650  \0$aConcerts$zGreat Britain$xNoise.
=650  \0$aConcerts$xEmployees$xHealth aspects$zGreat Britain.
=710  1\$aGreat Britain.$bHealth and Safety Executive.
=710  2\$aCapita Symonds Ltd.
=830  \0$aResearch report (Great Britain. Health and Safety Executive) ;$v517.
=852  41$aBritish Library$bHMNTS$jDigital store
=856  40$uhttp://www.hse.gov.uk/research/rrpdf/rr517.pdf
=985  \\$aCOBSI record
=CAT  \\$aBATCH-SURR$b00$c20091015$lBLL01$h1133
=CAT  \\$aBATCH$b00$c20091015$lBLL01$h1135
=CAT  \\$aBATCH-UPD$b00$c20091015$lBLL01$h1322
=CAT  \\$a12181$b40$c20100407$lBLL01$h1737
=CAT  \\$aW1711-1225$c20171203$lBLL01$h1035
=FIN  \\$aY$d20091015
=FMT  \\$a  BK
=LAS  \\$aW1711-1225$b00$c20171203$lBLL01$h1035
=SRC  \\$aCOBSI$b1bcobsi.lex
=STA  \\$aSUPPRESSED$bunable to determine reason for suppression

