=LDR  02240 am a2200565 a 4500
=001  015393457
=003  Uk
=005  20100407150929.0
=006  m||||||||d||||||||
=007  cr||||||||||||
=008  090303s2006\\\\enk\\\\\sb\\\o000|0\eng|\
=040  \\$aStDuBDS$beng$cStDuBDS
=042  \\$aukblsr
=050  \4$aTA418.9.C6
=082  04$a620.1180287$222
=245  00$aDamage modelling of large and small scale composite panels subjected to a low velocity impact$h[electronic resource] /$cH.E. Johnson ... [et al.].
=260  \\$aSudbury :$bHSE,$c2006.
=300  \\$a94 p. :$bdigital, PDF file.
=336  \\$atext$2rdacontent
=337  \\$acomputer$2rdamedia
=338  \\$aonline resource$2rdacarrier
=490  1\$aResearch report ;$v520
=500  \\$aTitle from PDF title page (viewed on 3 March 2009).
=500  \\$aPrepared by the Imperial College and the United States Naval Academy for the Health and Safety Executive.
=504  \\$aIncludes bibliographical references.
=530  \\$aAlso issued in print format.
=538  \\$aMode of access: World Wide Web.
=538  \\$aSystem requirements: Adobe Acrobat Reader.
=650  \0$aComposite materials$xImpact testing.
=650  \0$aComposite materials$xMathematical models.
=650  \0$aPlates (Engineering)$xMathematical models.
=700  1\$aJohnson, H. E.
=710  1\$aGreat Britain.$bHealth and Safety Executive.
=710  2\$aImperial College of Science, Technology and Medicine.
=710  2\$aUnited States Naval Academy.
=830  \0$aResearch report (Great Britain. Health and Safety Executive) ;$v520.
=852  41$aBritish Library$bHMNTS$jDigital store
=856  40$uhttp://www.hse.gov.uk/research/rrpdf/rr520.pdf
=985  \\$aCOBSI record
=CAT  \\$aBATCH-SURR$b00$c20091015$lBLL01$h1133
=CAT  \\$aBATCH$b00$c20091015$lBLL01$h1135
=CAT  \\$aBATCH-UPD$b00$c20091015$lBLL01$h1149
=CAT  \\$aBATCH-UPD$b00$c20091015$lBLL01$h1322
=CAT  \\$a12181$b40$c20100407$lBLL01$h1509
=CAT  \\$aW1711-1225$c20171203$lBLL01$h1035
=FIN  \\$aY$d20091015
=FMT  \\$a  BK
=LAS  \\$aW1711-1225$b00$c20171203$lBLL01$h1035
=SRC  \\$aCOBSI$b1bcobsi.lex
=STA  \\$aSUPPRESSED$bunable to determine reason for suppression

