=LDR  02160 am a2200541 a 4500
=001  015393458
=003  Uk
=005  20100407151213.0
=006  m||||||||d||||||||
=007  cr||||||||||||
=008  090303s2007\\\\enk\\\\\sb\\\o000|0\eng|\
=040  \\$aStDuBDS$beng$cStDuBDS
=042  \\$aukblsr
=050  \4$aKD3168
=082  04$a344.410465$222
=245  00$aFirst evaluation of the impact of the work at height regulations, first evaluation of the removal of the 'two metre rule'$h[electronic resource] /$cSally Wearing ... [et al.].
=260  \\$aSudbury :$bHSE,$c2007.
=300  \\$a350 p. :$bdigital, PDF file.
=336  \\$atext$2rdacontent
=337  \\$acomputer$2rdamedia
=338  \\$aonline resource$2rdacarrier
=490  1\$aResearch report ;$v521
=500  \\$aTitle from PDF title page (viewed on 3 March 2009).
=500  \\$aPrepared by System Concepts Limited for the Health and Safety Executive.
=504  \\$aIncludes bibliographical references.
=530  \\$aAlso issued in print format.
=538  \\$aMode of access: World Wide Web.
=538  \\$aSystem requirements: Adobe Acrobat Reader.
=650  \0$aFalls (Accidents)$xPrevention$xLaw and legislation$zGreat Britain.
=650  \0$aIndustrial safety$xLaw and legislation$zGreat Britain.
=650  \0$aConstruction industry$xSafety regulations$zGreat Britain.
=700  1\$aWearing, Sally.
=710  1\$aGreat Britain.$bHealth and Safety Executive.
=710  2\$aSystem Concepts Ltd.
=830  \0$aResearch report (Great Britain. Health and Safety Executive) ;$v521.
=852  41$aBritish Library$bHMNTS$jDigital store
=856  40$uhttp://www.hse.gov.uk/research/rrpdf/rr521.pdf
=985  \\$aCOBSI record
=CAT  \\$aBATCH-SURR$b00$c20091015$lBLL01$h1133
=CAT  \\$aBATCH$b00$c20091015$lBLL01$h1135
=CAT  \\$aBATCH-UPD$b00$c20091015$lBLL01$h1322
=CAT  \\$a12181$b40$c20100407$lBLL01$h1512
=CAT  \\$aW1711-1225$c20171203$lBLL01$h1035
=FIN  \\$aY$d20091015
=FMT  \\$a  BK
=LAS  \\$aW1711-1225$b00$c20171203$lBLL01$h1035
=SRC  \\$aCOBSI$b1bcobsi.lex
=STA  \\$aSUPPRESSED$bunable to determine reason for suppression

