=LDR  02023 am a2200541 a 4500
=001  015393460
=003  Uk
=005  20100407151948.0
=006  m||||||||d||||||||
=007  cr||||||||||||
=008  090303s2007\\\\enk\\\\\sb\\\o000|0\eng|\
=040  \\$aStDuBDS$beng$cStDuBDS
=042  \\$aukblsr
=050  \4$aGV1859
=082  04$a363.14$222
=245  02$aA review of the design review process for fairground rides$h[electronic resource] /$cRachel Packer ... [et al.].
=260  \\$aSudbury :$bHSE,$c2007.
=300  \\$a78 p. :$bdigital, PDF file.
=336  \\$atext$2rdacontent
=337  \\$acomputer$2rdamedia
=338  \\$aonline resource$2rdacarrier
=490  1\$aResearch report ;$v524
=500  \\$aTitle from PDF title page (viewed on 3 March 2009).
=500  \\$aPrepared by Atkins for the Health and Safety Executive.
=504  \\$aIncludes bibliographical references.
=530  \\$aAlso issued in print format.
=538  \\$aMode of access: World Wide Web.
=538  \\$aSystem requirements: Adobe Acrobat Reader.
=650  \0$aAmusement rides$xDesign and construction$xSafety measures.
=650  \0$aAmusement rides$xRisk assessment.
=650  \0$aAmusement rides$xInspection.
=700  1\$aPacker, Rachel.
=710  1\$aGreat Britain.$bHealth and Safety Executive.
=710  2\$aHenry Pooley Atkins (Firm)
=830  \0$aResearch report (Great Britain. Health and Safety Executive) ;$v524.
=852  41$aBritish Library$bHMNTS$jDigital store
=856  40$uhttp://www.hse.gov.uk/research/rrpdf/rr524.pdf
=985  \\$aCOBSI record
=CAT  \\$aBATCH-SURR$b00$c20091015$lBLL01$h1133
=CAT  \\$aBATCH$b00$c20091015$lBLL01$h1135
=CAT  \\$aBATCH-UPD$b00$c20091015$lBLL01$h1322
=CAT  \\$a12181$b40$c20100407$lBLL01$h1519
=CAT  \\$aW1711-1225$c20171203$lBLL01$h1035
=FIN  \\$aY$d20091015
=FMT  \\$a  BK
=LAS  \\$aW1711-1225$b00$c20171203$lBLL01$h1035
=SRC  \\$aCOBSI$b1bcobsi.lex
=STA  \\$aSUPPRESSED$bunable to determine reason for suppression

