=LDR  02118 am a2200565 a 4500
=001  015393462
=003  Uk
=005  20100407171226.0
=006  m||||||||d||||||||
=007  cr||||||||||||
=008  090303s2007\\\\enk\\\\\sb\\\o000|0\eng|\
=040  \\$aStDuBDS$beng$cStDuBDS
=042  \\$aukblsr
=050  \4$aTP156.M5
=082  04$a363.1798$222
=100  1\$aHedley, D.
=245  10$aAssessment of fire and explosion risks in coating mixing operations$h[electronic resource] /$cD. Hedley, D.K. Pritchard & G.T. Eaton.
=260  \\$aSudbury :$bHSE,$c2007.
=300  \\$a30 p. :$bdigital, PDF file.
=336  \\$atext$2rdacontent
=337  \\$acomputer$2rdamedia
=338  \\$aonline resource$2rdacarrier
=490  1\$aResearch report ;$v526
=500  \\$aTitle from PDF title page (viewed on 3 March 2009).
=500  \\$aPrepared by the Health and Safety Laboratory for the Health and Safety Executive.
=504  \\$aIncludes bibliographical references.
=530  \\$aAlso issued in print format.
=538  \\$aMode of access: World Wide Web.
=538  \\$aSystem requirements: Adobe Acrobat Reader.
=650  \0$aCoatings$xMixing$xRisk assessment.
=650  \0$aFire risk assessment.
=650  \0$aFlammable gases$xRisk assessment.
=700  1\$aPritchard, D. K.
=700  1\$aEaton, G. T.
=710  1\$aGreat Britain.$bHealth and Safety Executive.
=710  2\$aHealth and Safety Laboratory (Great Britain)
=830  \0$aResearch report (Great Britain. Health and Safety Executive) ;$v526.
=852  41$aBritish Library$bHMNTS$jDigital store
=856  40$uhttp://www.hse.gov.uk/research/rrpdf/rr526.pdf
=985  \\$aCOBSI record
=CAT  \\$aBATCH-SURR$b00$c20091015$lBLL01$h1133
=CAT  \\$aBATCH$b00$c20091015$lBLL01$h1135
=CAT  \\$aBATCH-UPD$b00$c20091015$lBLL01$h1322
=CAT  \\$a12181$b40$c20100407$lBLL01$h1712
=CAT  \\$aW1711-1225$c20171203$lBLL01$h1035
=FIN  \\$aY$d20091015
=FMT  \\$a  BK
=LAS  \\$aW1711-1225$b00$c20171203$lBLL01$h1035
=SRC  \\$aCOBSI$b1bcobsi.lex
=STA  \\$aSUPPRESSED$bunable to determine reason for suppression

