=LDR  02142 am a2200553 a 4500
=001  015393464
=003  Uk
=005  20100518152252.0
=006  m||||||||d||||||||
=007  cr||||||||||||
=008  090303s2007\\\\enk\\\\\sb\\\o000|0\eng|\
=040  \\$aStDuBDS$beng$cStDuBDS
=042  \\$aukblsr
=050  \4$aHD7262.5.G7
=082  04$a363.11630941$222
=100  1\$aDavies, John C.
=245  13$aAn investigation of reporting of workplace accidents under RIDDOR using the Merseyside Accident Information Model$h[electronic resource] /$cJohn C. Davies, Graham J. Kemp & Simon P. Frostick.
=260  \\$aSudbury :$bHSE,$c2007.
=300  \\$a34 p. :$bdigital, PDF file.
=336  \\$atext$2rdacontent
=337  \\$acomputer$2rdamedia
=338  \\$aonline resource$2rdacarrier
=490  1\$aResearch report ;$v528
=500  \\$aTitle from PDF title page (viewed on 3 March 2009).
=500  \\$aPrepared by the University of Liverpool for the Health and Safety Executive.
=504  \\$aIncludes bibliographical references.
=530  \\$aAlso issued in print format.
=538  \\$aMode of access: World Wide Web.
=538  \\$aSystem requirements: Adobe Acrobat Reader.
=650  \0$aIndustrial accidents$xReporting$zGreat Britain.
=700  1\$aKemp, Graham J.
=700  1\$aFrostick, Simon P.
=710  1\$aGreat Britain.$bHealth and Safety Executive.
=710  2\$aUniversity of Liverpool.
=830  \0$aResearch report (Great Britain. Health and Safety Executive) ;$v528.
=852  41$aBritish Library$bHMNTS$jDigital store
=856  40$uhttp://www.hse.gov.uk/research/rrpdf/rr528.pdf
=985  \\$aCOBSI record
=CAT  \\$aBATCH-SURR$b00$c20091015$lBLL01$h1133
=CAT  \\$aBATCH$b00$c20091015$lBLL01$h1135
=CAT  \\$aBATCH-UPD$b00$c20091015$lBLL01$h1322
=CAT  \\$a12181$b40$c20100518$lBLL01$h1344
=CAT  \\$a12181$b40$c20100518$lBLL01$h1522
=CAT  \\$aW1711-1225$c20171203$lBLL01$h1035
=FIN  \\$aY$d20091015
=FMT  \\$a  BK
=LAS  \\$aW1711-1225$b00$c20171203$lBLL01$h1035
=SRC  \\$aCOBSI$b1bcobsi.lex
=STA  \\$aSUPPRESSED$bunable to determine reason for suppression

