=LDR  02086 am a2200541 a 4500
=001  015393466
=003  Uk
=005  20100324174027.0
=006  m||||||||d||||||||
=007  cr||||||||||||
=008  090304s2007\\\\enk\\\\\sb\\\o000|0\eng|\
=040  \\$aStDuBDS$beng$cStDuBDS
=042  \\$aukblsr
=050  \4$aTP150.S24
=082  04$a660.2804$222
=245  00$aAWARE$h[electronic resource] :$binvestigation of the early warning detection system through pilot and large-scale tests /$cT.J. Snee ... [et al.].
=260  \\$aSudbury :$bHSE,$c2007.
=300  \\$a46 p. :$bdigital, PDF file.
=336  \\$atext$2rdacontent
=337  \\$acomputer$2rdamedia
=338  \\$aonline resource$2rdacarrier
=490  1\$aResearch report ;$v530
=500  \\$aTitle from PDF title page (viewed on 4 March 2009).
=500  \\$aPrepared by the Health and Safety Laboratory for the Health and Safety Executive.
=504  \\$aIncludes bibliographical references.
=530  \\$aAlso issued in print format.
=538  \\$aMode of access: World Wide Web.
=538  \\$aSystem requirements: Adobe Acrobat Reader.
=650  \0$aChemical plants$xSafety appliances.
=650  \0$aChemical processes$xSafety measures.
=650  \0$aEmergency communication systems.
=700  1\$aSnee, T. J.
=710  1\$aGreat Britain.$bHealth and Safety Executive.
=710  2\$aHealth and Safety Laboratory (Great Britain)
=830  \0$aResearch report (Great Britain. Health and Safety Executive) ;$v530.
=852  41$aBritish Library$bHMNTS$jDigital store
=856  40$uhttp://www.hse.gov.uk/research/rrpdf/rr530.pdf
=985  \\$aCOBSI record
=CAT  \\$aBATCH-SURR$b00$c20091015$lBLL01$h1133
=CAT  \\$aBATCH$b00$c20091015$lBLL01$h1135
=CAT  \\$aBATCH-UPD$b00$c20091015$lBLL01$h1322
=CAT  \\$a12181$b40$c20100324$lBLL01$h1740
=CAT  \\$aW1711-1225$c20171203$lBLL01$h1035
=FIN  \\$aY$d20091015
=FMT  \\$a  BK
=LAS  \\$aW1711-1225$b00$c20171203$lBLL01$h1035
=SRC  \\$aCOBSI$b1bcobsi.lex
=STA  \\$aSUPPRESSED$bunable to determine reason for suppression

