=LDR  02383 am a2200601 a 4500
=001  015393467
=003  Uk
=005  20100518130317.0
=006  m||||||||d||||||||
=007  cr||||||||||||
=008  090305s2007\\\\enk\\\\\sb\\\o000|0\eng|\
=040  \\$aStDuBDS$beng$cStDuBDS
=042  \\$aukblsr
=050  \4$aRC965.M39
=082  04$a363.1563$222
=100  1\$aHill, Simon.
=245  12$aA pilot study into improving sickness absence recording in National Health Service acute trusts$h[electronic resource] /$cSimon Hill, Gerard Woodroof, Peter Verow.
=260  \\$aSudbury :$bHSE,$c2007.
=300  \\$a13 p. :$bdigital, PDF file.
=336  \\$atext$2rdacontent
=337  \\$acomputer$2rdamedia
=338  \\$aonline resource$2rdacarrier
=490  1\$aResearch report ;$v531
=500  \\$aTitle from PDF title page (viewed on 5 March 2009).
=500  \\$aPrepared by Plymouth NHS Trust and Sandwell & West Birmingham NHS Trust for the Health and Safety Executive.
=504  \\$aIncludes bibliographical references.
=530  \\$aAlso issued in print format.
=538  \\$aMode of access: World Wide Web.
=538  \\$aSystem requirements: Adobe Acrobat Reader.
=610  10$aGreat Britain.$bNational Health Service$xPersonnel records.
=650  \0$aSick leave$zGreat Britain.
=650  \0$aMedical personnel$zHealth and hygiene$zGreat Britain.
=650  \0$aPersonnel records$zGreat Britain.
=700  1\$aWoodroof, Gerard.
=700  1\$aVerow, Peter.
=710  1\$aGreat Britain.$bHealth and Safety Executive.
=710  2\$aPlymouth Hospitals NHS Trust.
=710  2\$aSandwell and West Birmingham Hospitals NHS Trust.
=830  \0$aResearch report (Great Britain. Health and Safety Executive) ;$v531.
=852  41$aBritish Library$bHMNTS$jDigital store
=856  40$uhttp://www.hse.gov.uk/research/rrpdf/rr531.pdf
=985  \\$aCOBSI record
=CAT  \\$aBATCH-SURR$b00$c20091015$lBLL01$h1133
=CAT  \\$aBATCH$b00$c20091015$lBLL01$h1135
=CAT  \\$aBATCH-UPD$b00$c20091015$lBLL01$h1322
=CAT  \\$a12181$b40$c20100518$lBLL01$h1303
=CAT  \\$aW1711-1225$c20171203$lBLL01$h1035
=CAT  \\$aBATCH-UPD$b00$c20171203$lBLL01$h1305
=FIN  \\$aY$d20091015
=FMT  \\$a  BK
=LAS  \\$aBATCH-UPD$b00$c20171203$lBLL01$h1305
=SRC  \\$aCOBSI$b1bcobsi.lex
=STA  \\$aSUPPRESSED$bunable to determine reason for suppression

