=LDR  02324 am a2200601 a 4500
=001  015393470
=003  Uk
=005  20110324174925.0
=006  m||||||||d||||||||
=007  cr||||||||||||
=008  090305s2007\\\\enk\\\\\sb\\\o000|0\eng|\
=040  \\$aStDuBDS$beng$cStDuBDS
=042  \\$aukblsr
=050  \4$aK1830
=082  04$a344.0465$222
=100  1\$aBergman, David.
=245  10$aInternational comparison of health and safety responsibilities of company directors$h[electronic resource] /$cDavid Bergman, Courtney Davis, Bethan Rigby.
=260  \\$aSudbury :$bHSE,$c2007.
=300  \\$a132 p. :$bdigital, PDF file.
=336  \\$atext$2rdacontent
=337  \\$acomputer$2rdamedia
=338  \\$aonline resource$2rdacarrier
=490  1\$aResearch report ;$v535
=500  \\$aTitle from PDF title page (viewed on 5 March 2009).
=500  \\$aPrepared by Centre for Corporate Accountability for the Health and Safety Executive.
=504  \\$aIncludes bibliographical references.
=530  \\$aAlso issued in print format.
=538  \\$aMode of access: World Wide Web.
=538  \\$aSystem requirements: Adobe Acrobat Reader.
=650  \0$aIndustrial safety$xLaw and legislation.
=650  \0$aIndustrial hygiene$xLaw and legislation.
=650  \0$aDirectors of corporations$xLegal status, laws, etc.
=650  \0$aReasonable care (Law)
=700  1\$aDavis, Courtney,$d1965-
=700  1\$aRigby, Bethan.
=710  1\$aGreat Britain.$bHealth and Safety Executive.
=710  2\$aCentre for Corporate Accountability.
=830  \0$aResearch report (Great Britain. Health and Safety Executive) ;$v535.
=852  41$aBritish Library$bHMNTS$jDigital store
=856  40$uhttp://www.hse.gov.uk/research/rrpdf/rr535.pdf
=985  \\$aCOBSI record
=CAT  \\$aBATCH-SURR$b00$c20091015$lBLL01$h1133
=CAT  \\$aBATCH$b00$c20091015$lBLL01$h1135
=CAT  \\$aBATCH-UPD$b00$c20091015$lBLL01$h1322
=CAT  \\$a12181$b40$c20100420$lBLL01$h1553
=CAT  \\$a12181$b40$c20100518$lBLL01$h1141
=CAT  \\$a12181$b40$c20110324$lBLL01$h1749
=CAT  \\$aW1711-1225$c20171203$lBLL01$h1035
=FIN  \\$aY$d20091015
=FMT  \\$a  BK
=LAS  \\$aW1711-1225$b00$c20171203$lBLL01$h1035
=SRC  \\$aCOBSI$b1bcobsi.lex
=STA  \\$aSUPPRESSED$bunable to determine reason for suppression

