=LDR  02151 am a2200577 a 4500
=001  015393472
=003  Uk
=005  20100420150153.0
=006  m||||||||d||||||||
=007  cr||||||||||||
=008  090305s2007\\\\enk\\\\\sb\\\o000|0\eng|\
=040  \\$aStDuBDS$beng$cStDuBDS
=042  \\$aukblsr
=050  \4$aHF5548.85
=082  04$a363.112$222
=100  1\$aGaskell, Liz.
=245  14$aThe suitability of HSE's risk assessment process and management standards for use in SMEs$h[electronic resource] /$cLiz Gaskell, Ned Hickling & Paul Stephens.
=260  \\$aSudbury :$bHSE,$c2007.
=300  \\$a144 p. :$bdigital, PDF file.
=336  \\$atext$2rdacontent
=337  \\$acomputer$2rdamedia
=338  \\$aonline resource$2rdacarrier
=490  1\$aResearch report ;$v537
=500  \\$aTitle from PDF title page (viewed on 5 March 2009).
=500  \\$aPrepared by Vectra Group Ltd. for the Health and Safety Executive.
=504  \\$aIncludes bibliographical references.
=530  \\$aAlso issued in print format.
=538  \\$aMode of access: World Wide Web.
=538  \\$aSystem requirements: Adobe Acrobat Reader.
=650  \0$aJob stress$xPrevention.
=650  \0$aRisk assessment.
=650  \0$aSmall business$xEmployees$xHealth and hygiene.
=650  \0$aSmall business$xManagement.
=700  1\$aHickling, Ned.
=700  1\$aStephens, Paul.
=710  1\$aGreat Britain.$bHealth and Safety Executive.
=710  2\$aVectra Group Limited.
=830  \0$aResearch report (Great Britain. Health and Safety Executive) ;$v537.
=852  41$aBritish Library$bHMNTS$jDigital store
=856  40$uhttp://www.hse.gov.uk/research/rrpdf/rr537.pdf
=985  \\$aCOBSI record
=CAT  \\$aBATCH-SURR$b00$c20091015$lBLL01$h1133
=CAT  \\$aBATCH$b00$c20091015$lBLL01$h1135
=CAT  \\$aBATCH-UPD$b00$c20091015$lBLL01$h1322
=CAT  \\$a12181$b40$c20100420$lBLL01$h1501
=CAT  \\$aW1711-1225$c20171203$lBLL01$h1035
=FIN  \\$aY$d20091015
=FMT  \\$a  BK
=LAS  \\$aW1711-1225$b00$c20171203$lBLL01$h1035
=SRC  \\$aCOBSI$b1bcobsi.lex
=STA  \\$aSUPPRESSED$bunable to determine reason for suppression

