=LDR  02377 am a2200601 a 4500
=001  015393476
=003  Uk
=005  20100420141319.0
=006  m||||||||d||||||||
=007  cr||||||||||||
=008  090305s2007\\\\enk\\\\\sb\\\o000|0\eng|\
=040  \\$aStDuBDS$beng$cStDuBDS
=042  \\$aukblsr
=050  \4$aHV677.G7
=082  04$a363.10019$222
=245  00$aValuation of health and safety benefits$h[electronic resource] :$bdread risks /$cSusan Chilton ... [et al.].
=260  \\$aSudbury :$bHSE,$c2007.
=300  \\$a155 p. :$bdigital, PDF file.
=336  \\$atext$2rdacontent
=337  \\$acomputer$2rdamedia
=338  \\$aonline resource$2rdacarrier
=490  1\$aResearch report ;$v541
=500  \\$aTitle from PDF title page (viewed on 5 March 2009).
=500  \\$aPrepared by the University of Newcastle upon Tyne, University of East Anglia, Durham University, University of London and NERA Economic Consulting for the Health and Safety Executive.
=504  \\$aIncludes bibliographical references.
=530  \\$aAlso issued in print format.
=538  \\$aMode of access: World Wide Web.
=538  \\$aSystem requirements: Adobe Acrobat Reader.
=650  \0$aRisk assessment$zGreat Britain.
=650  \0$aPublic safety$zGreat Britain$xPublic opinion.
=700  1\$aChilton, Susan$q(Susan Mary).
=710  1\$aGreat Britain.$bHealth and Safety Executive.
=710  2\$aUniversity of Newcastle upon Tyne.
=710  2\$aUniversity of Durham.
=710  2\$aUniversity of East Anglia.
=710  2\$aUniversity of London.
=710  2\$aNERA Economic Consulting.
=830  \0$aResearch report (Great Britain. Health and Safety Executive) ;$v541.
=852  41$aBritish Library$bHMNTS$jDigital store
=856  40$uhttp://www.hse.gov.uk/research/rrpdf/rr541.pdf
=985  \\$aCOBSI record
=CAT  \\$aBATCH-SURR$b00$c20091015$lBLL01$h1133
=CAT  \\$aBATCH$b00$c20091015$lBLL01$h1135
=CAT  \\$aBATCH-UPD$b00$c20091015$lBLL01$h1322
=CAT  \\$a12181$b40$c20100324$lBLL01$h1704
=CAT  \\$a12181$b40$c20100420$lBLL01$h1413
=CAT  \\$aW1711-1225$c20171203$lBLL01$h1035
=CAT  \\$aBATCH-UPD$b00$c20171203$lBLL01$h1305
=FIN  \\$aY$d20091015
=FMT  \\$a  BK
=LAS  \\$aBATCH-UPD$b00$c20171203$lBLL01$h1305
=SRC  \\$aCOBSI$b1bcobsi.lex
=STA  \\$aSUPPRESSED$bunable to determine reason for suppression

