=LDR  02273 am a2200577 a 4500
=001  015393478
=003  Uk
=005  20100420122803.0
=006  m||||||||d||||||||
=007  cr||||||||||||
=008  090305s2007\\\\enk\\\\\sb\\\o000|0\eng|\
=040  \\$aStDuBDS$beng$cStDuBDS
=042  \\$aukblsr
=050  \4$aT55
=082  04$a363.11$222
=100  10$aBellamy, Linda J.
=245  10$aDevelopment of a working model of how human factors, safety management systems and wider organisational issues fit together$h[electronic resource] /$cLinda J. Bellamy, Tim A.W. Geyer.
=260  \\$aSudbury :$bHSE,$c2007.
=300  \\$a200 p. :$bdigital, PDF file.
=336  \\$atext$2rdacontent
=337  \\$acomputer$2rdamedia
=338  \\$aonline resource$2rdacarrier
=490  1\$aResearch report ;$v543
=500  \\$aTitle from PDF title page (viewed on 5 March 2009).
=500  \\$aPrepared by White Queen Safety Strategies & Environmental Resources Management for the Health and Safety Executive.
=504  \\$aIncludes bibliographical references.
=530  \\$aAlso issued in print format.
=538  \\$aMode of access: World Wide Web.
=538  \\$aSystem requirements: Adobe Acrobat Reader.
=650  \0$aIndustrial safety$xManagement.
=650  \0$aHuman engineering.
=650  \0$aIndustrial accidents$xInvestigation.
=700  1\$aGeyer, Tim A. W.
=710  1\$aGreat Britain.$bHealth and Safety Executive.
=710  2\$aWhite Queen Safety Strategies (Firm)
=710  2\$aEnvironmental Resources Management (Firm)
=830  \0$aResearch report (Great Britain. Health and Safety Executive) ;$v543.
=852  41$aBritish Library$bHMNTS$jDigital store
=856  40$uhttp://www.hse.gov.uk/research/rrpdf/rr543.pdf
=985  \\$aCOBSI record
=CAT  \\$aBATCH-SURR$b00$c20091015$lBLL01$h1133
=CAT  \\$aBATCH$b00$c20091015$lBLL01$h1135
=CAT  \\$aBATCH-UPD$b00$c20091015$lBLL01$h1322
=CAT  \\$a12181$b40$c20100420$lBLL01$h1228
=CAT  \\$aBATCH-UPD$b40$c20160524$lBLL01$h0925
=CAT  \\$aW1711-1225$c20171203$lBLL01$h1035
=FIN  \\$aY$d20091015
=FMT  \\$a  BK
=LAS  \\$aW1711-1225$b00$c20171203$lBLL01$h1035
=SRC  \\$aCOBSI$b1bcobsi.lex
=STA  \\$aSUPPRESSED$bunable to determine reason for suppression

