=LDR  02130 am a2200541 a 4500
=001  015393479
=003  Uk
=005  20100407135837.0
=006  m||||||||d||||||||
=007  cr||||||||||||
=008  090305s2007\\\\enk\\\\\sb\\\o000|0\eng|\
=040  \\$aStDuBDS$beng$cStDuBDS
=042  \\$aukblsr
=050  \4$aS675.7
=082  04$a631.370289$222
=100  1\$aScarlett, A. J.
=245  10$aWhole-body vibration on self-propelled forage harvesters$h[electronic resource] :$bevaluation of emission and estimated daily exposure levels /$cA.J. Scarlett.
=260  \\$aSudbury :$bHSE,$c2007.
=300  \\$a118 p. :$bdigital, PDF file.
=336  \\$atext$2rdacontent
=337  \\$acomputer$2rdamedia
=338  \\$aonline resource$2rdacarrier
=490  1\$aResearch report ;$v544
=500  \\$aTitle from PDF title page (viewed on 5 March 2009).
=500  \\$aPrepared by Scarlett Research Limited for the Health and Safety Executive.
=504  \\$aIncludes bibliographical references.
=530  \\$aAlso issued in print format.
=538  \\$aMode of access: World Wide Web.
=538  \\$aSystem requirements: Adobe Acrobat Reader.
=650  \0$aForage plants$xHarvesting$xMachinery$xVibration.
=650  \0$aAgricultural machinery operators$xHealth and hygiene.
=650  \0$aForage plants$xHarvesting$xMachinery$xSafety measures.
=710  1\$aGreat Britain.$bHealth and Safety Executive.
=710  2\$aScarlett Research Limited.
=830  \0$aResearch report (Great Britain. Health and Safety Executive) ;$v544.
=852  41$aBritish Library$bHMNTS$jDigital store
=856  40$uhttp://www.hse.gov.uk/research/rrpdf/rr544.pdf
=985  \\$aCOBSI record
=CAT  \\$aBATCH-SURR$b00$c20091015$lBLL01$h1133
=CAT  \\$aBATCH$b00$c20091015$lBLL01$h1135
=CAT  \\$aBATCH-UPD$b00$c20091015$lBLL01$h1322
=CAT  \\$a12181$b40$c20100407$lBLL01$h1358
=CAT  \\$aW1711-1225$c20171203$lBLL01$h1035
=FIN  \\$aY$d20091015
=FMT  \\$a  BK
=LAS  \\$aW1711-1225$b00$c20171203$lBLL01$h1035
=SRC  \\$aCOBSI$b1bcobsi.lex
=STA  \\$aSUPPRESSED$bunable to determine reason for suppression

