=LDR  02034 am a2200529 a 4500
=001  015393483
=003  Uk
=005  20100420105825.0
=006  m||||||||d||||||||
=007  cr||||||||||||
=008  090305s2007\\\\enk\\\\\sb\\\o000|0\eng|\
=040  \\$aStDuBDS$beng$cStDuBDS
=042  \\$aukblsr
=050  \4$aHD7262.5.G7
=082  04$a363.1160941$222
=245  00$a'Watch your step'$h[electronic resource] :$ba promotional campaign including workplace inspections /$cJames Noble ... [et al.].
=260  \\$aSudbury :$bHSE,$c2007.
=300  \\$a70 p. :$bdigital, PDF file.
=336  \\$atext$2rdacontent
=337  \\$acomputer$2rdamedia
=338  \\$aonline resource$2rdacarrier
=490  1\$aResearch report ;$v548
=500  \\$aTitle from PDF title page (viewed on 5 March 2009).
=500  \\$aPrepared by the Health and Safety Executive with contributions from Synovate.
=504  \\$aIncludes bibliographical references.
=530  \\$aAlso issued in print format.
=538  \\$aMode of access: World Wide Web.
=538  \\$aSystem requirements: Adobe Acrobat Reader.
=650  \0$aFalls (Accidents)$zGreat Britain$xPrevention$xEvaluation.
=650  \0$aSafety education, Industrial$zGreat Britain$xEvaluation.
=700  1\$aNoble, James.
=710  1\$aGreat Britain.$bHealth and Safety Executive.
=710  2\$aSynovate (Firm)
=830  \0$aResearch report (Great Britain. Health and Safety Executive) ;$v548.
=852  41$aBritish Library$bHMNTS$jDigital store
=856  40$uhttp://www.hse.gov.uk/research/rrpdf/rr548.pdf
=985  \\$aCOBSI record
=CAT  \\$aBATCH-SURR$b00$c20091015$lBLL01$h1133
=CAT  \\$aBATCH$b00$c20091015$lBLL01$h1135
=CAT  \\$aBATCH-UPD$b00$c20091015$lBLL01$h1322
=CAT  \\$a12181$b40$c20100420$lBLL01$h1058
=CAT  \\$aW1711-1225$c20171203$lBLL01$h1035
=FIN  \\$aY$d20091015
=FMT  \\$a  BK
=LAS  \\$aW1711-1225$b00$c20171203$lBLL01$h1035
=SRC  \\$aCOBSI$b1bcobsi.lex
=STA  \\$aSUPPRESSED$bunable to determine reason for suppression

