=LDR  01897 am a2200517 a 4500
=001  015393485
=003  Uk
=005  20100317174243.0
=006  m||||||||d||||||||
=007  cr||||||||||||
=008  090305s2007\\\\enk\\\\\sb\\\o000|0\eng|\
=040  \\$aStDuBDS$beng$cStDuBDS
=042  \\$aukblsr
=050  \4$aRC103.C3
=082  04$a616.989406$222
=100  1\$aStipp, Werner.
=245  10$aTime to treatment for decompression illness$h[electronic resource] /$cWerner Stipp.
=260  \\$aSudbury :$bHSE,$c2007.
=300  \\$a38 p. :$bdigital, PDF file.
=336  \\$atext$2rdacontent
=337  \\$acomputer$2rdamedia
=338  \\$aonline resource$2rdacarrier
=490  1\$aResearch report ;$v550
=500  \\$aTitle from PDF title page (viewed on 5 March 2009).
=500  \\$aPrepared by North Sea Medical Centre for the Health and Safety Executive.
=504  \\$aIncludes bibliographical references.
=530  \\$aAlso issued in print format.
=538  \\$aMode of access: World Wide Web.
=538  \\$aSystem requirements: Adobe Acrobat Reader.
=650  \0$aDecompression sickness$xTreatment.
=710  1\$aGreat Britain.$bHealth and Safety Executive.
=710  2\$aNorth Sea Medical Centre.
=830  \0$aResearch report (Great Britain. Health and Safety Executive) ;$v550.
=852  41$aBritish Library$bHMNTS$jDigital store
=856  40$uhttp://www.hse.gov.uk/research/rrpdf/rr550.pdf
=985  \\$aCOBSI record
=CAT  \\$aBATCH-SURR$b00$c20091015$lBLL01$h1133
=CAT  \\$aBATCH$b00$c20091015$lBLL01$h1135
=CAT  \\$aBATCH-UPD$b00$c20091015$lBLL01$h1322
=CAT  \\$a12181$b40$c20100317$lBLL01$h1742
=CAT  \\$aW1711-1225$c20171203$lBLL01$h1035
=FIN  \\$aY$d20091015
=FMT  \\$a  BK
=LAS  \\$aW1711-1225$b00$c20171203$lBLL01$h1035
=SRC  \\$aCOBSI$b1bcobsi.lex
=STA  \\$aSUPPRESSED$bunable to determine reason for suppression

