=LDR  02020 am a2200529 a 4500
=001  015393486
=003  Uk
=005  20100317172216.0
=006  m||||||||d||||||||
=007  cr||||||||||||
=008  090305s2007\\\\enk\\\\\sb\\\o000|0\eng|\
=040  \\$aStDuBDS$beng$cStDuBDS
=042  \\$aukblsr
=050  \4$aRA1219.3
=082  04$a363.17$222
=245  00$aInadvertent ingestion exposure in the workplace.$nPhase 1,$pLiterature review$h[electronic resource] /$cY. Christopher ... [et al.].
=260  \\$aSudbury :$bHSE,$c2007.
=300  \\$a196 p. :$bdigital, PDF file.
=336  \\$atext$2rdacontent
=337  \\$acomputer$2rdamedia
=338  \\$aonline resource$2rdacarrier
=490  1\$aResearch report ;$v551
=500  \\$aTitle from PDF title page (viewed on 5 March 2009).
=500  \\$aPrepared by the Institute for Occupational Medicine for the Health and Safety Executive.
=504  \\$aIncludes bibliographical references.
=530  \\$aAlso issued in print format.
=538  \\$aMode of access: World Wide Web.
=538  \\$aSystem requirements: Adobe Acrobat Reader.
=650  \0$aHazardous substances$xHealth aspects.
=650  \0$aIngestion.
=700  1\$aChristopher, Y.
=710  1\$aGreat Britain.$bHealth and Safety Executive.
=710  2\$aInstitute of Occupational Medicine (Edinburgh, Scotland)
=830  \0$aResearch report (Great Britain. Health and Safety Executive) ;$v551.
=852  41$aBritish Library$bHMNTS$jDigital store
=856  40$uhttp://www.hse.gov.uk/research/rrpdf/rr551.pdf
=985  \\$aCOBSI record
=CAT  \\$aBATCH-SURR$b00$c20091015$lBLL01$h1133
=CAT  \\$aBATCH$b00$c20091015$lBLL01$h1135
=CAT  \\$aBATCH-UPD$b00$c20091015$lBLL01$h1322
=CAT  \\$a12181$b40$c20100317$lBLL01$h1722
=CAT  \\$aW1711-1225$c20171203$lBLL01$h1035
=FIN  \\$aY$d20091015
=FMT  \\$a  BK
=LAS  \\$aW1711-1225$b00$c20171203$lBLL01$h1035
=SRC  \\$aCOBSI$b1bcobsi.lex
=STA  \\$aSUPPRESSED$bunable to determine reason for suppression

