=LDR  02528 am a2200637 a 4500
=001  015393487
=003  Uk
=005  20110720103851.0
=006  m||||||||d||||||||
=007  cr||||||||||||
=008  090306s2007\\\\enk\\\\\sb\\\o000|0\eng|\
=040  \\$aStDuBDS$beng$cStDuBDS
=042  \\$aukblsr
=050  \4$aKD1954
=082  04$a346.410323$222
=100  1\$aSnodgrass, Richard,$d1949-
=245  10$aExploration of the affect of litigation culture on the attribution and reporting of slip and trip accidents$h[electronic resource] /$cRichard Snodgrass, Ed Corbett, Louise Carter.
=260  \\$aSudbury :$bHSE,$c2007.
=300  \\$a74 p. :$bdigital, PDF file.
=336  \\$atext$2rdacontent
=337  \\$acomputer$2rdamedia
=338  \\$aonline resource$2rdacarrier
=490  1\$aResearch report ;$v552
=500  \\$aTitle from PDF title page (viewed on 6 March 2009).
=500  \\$aPrepared by the Health and Safety Laboratory for the Health and Safety Executive.
=504  \\$aIncludes bibliographical references.
=530  \\$aAlso issued in print format.
=538  \\$aMode of access: World Wide Web.
=538  \\$aSystem requirements: Adobe Acrobat Reader.
=650  \0$aLiability for slip and fall accidents$zGreat Britain$xPublic opinion.
=650  \0$aFalls (Accidents) in mass media.
=650  \0$aActions and defenses$zGreat Britain.
=700  1\$aCorbett, Ed.
=700  1\$aCarter, Louise,$d1975-
=710  1\$aGreat Britain.$bHealth and Safety Executive.
=710  2\$aHealth and Safety Laboratory (Great Britain)
=830  \0$aResearch report (Great Britain. Health and Safety Executive) ;$v552.
=852  41$aBritish Library$bHMNTS$jDigital store
=856  40$uhttp://www.hse.gov.uk/research/rrpdf/rr552.pdf
=985  \\$aCOBSI record
=CAT  \\$aBATCH-SURR$b00$c20091015$lBLL01$h1133
=CAT  \\$aBATCH$b00$c20091015$lBLL01$h1135
=CAT  \\$aBATCH-UPD$b00$c20091015$lBLL01$h1322
=CAT  \\$a12181$b40$c20091103$lBLL01$h1817
=CAT  \\$a12181$b40$c20100407$lBLL01$h1224
=CAT  \\$a12181$b40$c20100422$lBLL01$h1840
=CAT  \\$a12181$b40$c20100518$lBLL01$h1054
=CAT  \\$a11250$b40$c20100730$lBLL01$h0944
=CAT  \\$a7332$b40$c20110524$lBLL01$h1138
=CAT  \\$a12181$b40$c20110720$lBLL01$h1038
=CAT  \\$aW1711-1225$c20171203$lBLL01$h1035
=FIN  \\$aY$d20091015
=FMT  \\$a  BK
=LAS  \\$aW1711-1225$b00$c20171203$lBLL01$h1035
=SRC  \\$aCOBSI$b1bcobsi.lex
=STA  \\$aSUPPRESSED$bunable to determine reason for suppression

