=LDR  02171 am a2200541 a 4500
=001  015393488
=003  Uk
=005  20151030075700.0
=006  m||||||||d||||||||
=007  cr||||||||||||
=008  090306s2007\\\\enk\\\\\sb\\\o000|0\eng|\
=040  \\$aStDuBDS$beng$cStDuBDS
=042  \\$aukblsr
=050  \4$aHF5548.85
=082  04$a658.382$222
=245  00$aManagement competencies for preventing and reducing stress at work$h[electronic resource] :$bidentifying and developing the management behaviours necessary to implement the HSE management standards /$cJoanna Yarker ... [et al.].
=260  \\$aSudbury :$bHSE,$c2007.
=300  \\$a126 p. :$bdigital, PDF file.
=336  \\$atext$2rdacontent
=337  \\$acomputer$2rdamedia
=338  \\$aonline resource$2rdacarrier
=490  1\$aResearch report ;$v553
=500  \\$aTitle from PDF title page (viewed on 6 March 2009).
=500  \\$aPrepared by Goldsmiths, University of London for the Health and Safety Executive.
=504  \\$aIncludes bibliographical references.
=530  \\$aAlso issued in print format.
=538  \\$aMode of access: World Wide Web.
=538  \\$aSystem requirements: Adobe Acrobat Reader.
=650  \0$aJob stress$xPrevention$xManagement.
=650  \0$aJob stress$xPrevention$xManagement$xEvaluation.
=700  1\$aYarker, Joanna.
=710  1\$aGreat Britain.$bHealth and Safety Executive.
=710  2\$aGoldsmiths, University of London.
=830  \0$aResearch report (Great Britain. Health and Safety Executive) ;$v553.
=852  41$aBritish Library$bHMNTS$jDigital store
=856  40$uhttp://www.hse.gov.uk/research/rrpdf/rr553.pdf
=985  \\$aCOBSI record
=CAT  \\$aBATCH-SURR$b00$c20091015$lBLL01$h1133
=CAT  \\$aBATCH$b00$c20091015$lBLL01$h1135
=CAT  \\$aBATCH-UPD$b00$c20091015$lBLL01$h1322
=CAT  \\$a12181$b40$c20100120$lBLL01$h1801
=CAT  \\$a8871$b40$c20151030$lBLL01$h0757
=CAT  \\$aW1711-1225$c20171203$lBLL01$h1035
=FIN  \\$aY$d20091015
=FMT  \\$a  BK
=LAS  \\$aW1711-1225$b00$c20171203$lBLL01$h1035
=SRC  \\$aCOBSI$b1bcobsi.lex
=STA  \\$aSUPPRESSED$bunable to determine reason for suppression

