=LDR  02444 am a2200613 a 4500
=001  015393491
=003  Uk
=005  20100317171330.0
=006  m||||||||d||||||||
=007  cr||||||||||||
=008  090307s2007\\\\enk\\\\\sb\\\o000|0\eng|\
=040  \\$aStDuBDS$beng$cStDuBDS
=042  \\$aukblsr
=050  \4$aHD7269.B9
=082  04$a363.1196240941$222
=100  10$aCrosthwaite, David.
=245  10$aHealth and safety in public sector construction procurement$h[electronic resource] /$cDavid Crosthwaite.
=260  \\$aSudbury :$bHSE,$c2007.
=300  \\$a70 p. :$bdigital, PDF file.
=336  \\$atext$2rdacontent
=337  \\$acomputer$2rdamedia
=338  \\$aonline resource$2rdacarrier
=490  1\$aResearch report ;$v556
=500  \\$aTitle from PDF title page (viewed on 7 March 2009).
=500  \\$aPrepared by Davis Langdon LLP for the Department of Trade and Industry, Office of Government Commerce and the Health and Safety Executive.
=504  \\$aIncludes bibliographical references.
=530  \\$aAlso issued in print format.
=538  \\$aMode of access: World Wide Web.
=538  \\$aSystem requirements: Adobe Acrobat Reader.
=650  \0$aConstruction contracts$zGreat Britain.
=650  \0$aConstruction industry$zGreat Britain$xSafety measures.
=650  \0$aGovernment purchasing$zGreat Britain.
=710  1\$aGreat Britain.$bDepartment of Trade and Industry.
=710  1\$aGreat Britain.$bHealth and Safety Executive.
=710  1\$aGreat Britain.$bOffice of Government Commerce.
=710  2\$aDavis Langdon LLP.
=830  \0$aResearch report (Great Britain. Health and Safety Executive) ;$v556.
=852  41$aBritish Library$bHMNTS$jDigital store
=856  40$uhttp://www.hse.gov.uk/research/rrpdf/rr556.pdf
=985  \\$aCOBSI record
=985  \\$aRecord amended for WR# 13/070
=CAT  \\$aBATCH-SURR$b00$c20091015$lBLL01$h1133
=CAT  \\$aBATCH$b00$c20091015$lBLL01$h1135
=CAT  \\$aBATCH-UPD$b00$c20091015$lBLL01$h1322
=CAT  \\$a12181$b40$c20100317$lBLL01$h1713
=CAT  \\$aWR13_070$b00$c20130504$lBLL01$h0321
=CAT  \\$aWR13_070C$c20130611$lBLL01$h1856
=CAT  \\$aBATCH-UPD$b00$c20141013$lBLL01$h2122
=CAT  \\$aW1711-1225$c20171203$lBLL01$h1035
=FIN  \\$aY$d20091015
=FMT  \\$a  BK
=LAS  \\$aW1711-1225$b00$c20171203$lBLL01$h1035
=SRC  \\$aCOBSI$b1bcobsi.lex
=STA  \\$aSUPPRESSED$bunable to determine reason for suppression

