=LDR  02090 am a2200529 a 4500
=001  015393493
=003  Uk
=005  20171203103500.0
=006  m||||||||d||||||||
=007  cr||||||||||||
=008  090307s2007\\\\enk\\\\\s\\\\o000|0\eng|\
=040  \\$aStDuBDS$beng$cStDuBDS
=042  \\$aukblsr
=050  \4$aRA1231.A8
=082  04$a363.1791$222
=245  00$aTaking risks with asbestos$h[electronic resource] :$bwhat influences the behaviour of maintenance workers? /$cSiobhan O'Regan ... [et al.].
=260  \\$aSudbury :$bHSE,$c2007.
=300  \\$a96 p. :$bdigital, PDF file.
=336  \\$atext$2rdacontent
=337  \\$acomputer$2rdamedia
=338  \\$aonline resource$2rdacarrier
=490  1\$aResearch report ;$v558
=500  \\$aTitle from PDF title page (viewed on 7 March 2009).
=500  \\$aPrepared by the Institute for Employment Studies for the Health and Safety Executive.
=530  \\$aAlso issued in print format.
=538  \\$aMode of access: World Wide Web.
=538  \\$aSystem requirements: Adobe Acrobat Reader.
=650  \0$aAsbestos$xSafety measures$zGreat Britain$xPublic opinion.
=650  \0$aAsbestos in building$xRisk assessment.
=650  \0$aAsbestos$xSafety measures$xStudy and teaching$zGreat Britain.
=650  \0$aCommunication in industrial safety$zGreat Britain.
=700  1\$aO'Regan, S.
=710  1\$aGreat Britain.$bHealth and Safety Executive.
=710  2\$aInstitute for Employment Studies.
=830  \0$aResearch report (Great Britain. Health and Safety Executive) ;$v558.
=852  41$aBritish Library$bHMNTS$jDigital store
=856  40$uhttp://www.hse.gov.uk/research/rrpdf/rr558.pdf
=985  \\$aCOBSI record
=CAT  \\$aBATCH-SURR$b00$c20091015$lBLL01$h1133
=CAT  \\$aBATCH$b00$c20091015$lBLL01$h1135
=CAT  \\$aBATCH-UPD$b00$c20091015$lBLL01$h1322
=CAT  \\$aW1711-1225$c20171203$lBLL01$h1035
=FIN  \\$aY$d20091015
=FMT  \\$a  BK
=LAS  \\$aW1711-1225$b00$c20171203$lBLL01$h1035
=SRC  \\$aCOBSI$b1bcobsi.lex
=STA  \\$aSUPPRESSED$bunable to determine reason for suppression

