=LDR  02061 am a2200517 a 4500
=001  015393494
=003  Uk
=005  20171203103500.0
=006  m||||||||d||||||||
=007  cr||||||||||||
=008  090307s2007\\\\enk\\\\\s\\\\o000|0\eng|\
=040  \\$aStDuBDS$beng$cStDuBDS
=042  \\$aukblsr
=050  \4$aKD3172
=082  04$a344.41046335$222
=245  00$aCascading messages through others$h[electronic resource] :$bthe effect on awareness of, and compliance with the Duty to Manage Asbestos Regulations /$cAlice Sinclair ... [et al.].
=260  \\$aSudbury :$bHSE,$c2007.
=300  \\$a130 p. :$bdigital, PDF file.
=336  \\$atext$2rdacontent
=337  \\$acomputer$2rdamedia
=338  \\$aonline resource$2rdacarrier
=490  1\$aResearch report ;$v559
=500  \\$aTitle from PDF title page (viewed on 7 March 2009).
=500  \\$aPrepared by the Institute for Employment Studies and Loughborough University for the Health and Safety Executive.
=530  \\$aAlso issued in print format.
=538  \\$aMode of access: World Wide Web.
=538  \\$aSystem requirements: Adobe Acrobat Reader.
=650  \0$aAsbestos$xLaw and legislation$zGreat Britain.
=650  \0$aCommunication in industrial safety$zGreat Britain.
=700  1\$aSinclair, Alice.
=710  1\$aGreat Britain.$bHealth and Safety Executive.
=710  2\$aInstitute for Employment Studies.
=710  2\$aLoughborough University.
=830  \0$aResearch report (Great Britain. Health and Safety Executive) ;$v559.
=852  41$aBritish Library$bHMNTS$jDigital store
=856  40$uhttp://www.hse.gov.uk/research/rrpdf/rr559.pdf
=985  \\$aCOBSI record
=CAT  \\$aBATCH-SURR$b00$c20091015$lBLL01$h1133
=CAT  \\$aBATCH$b00$c20091015$lBLL01$h1135
=CAT  \\$aBATCH-UPD$b00$c20091015$lBLL01$h1322
=CAT  \\$aW1711-1225$c20171203$lBLL01$h1035
=FIN  \\$aY$d20091015
=FMT  \\$a  BK
=LAS  \\$aW1711-1225$b00$c20171203$lBLL01$h1035
=SRC  \\$aCOBSI$b1bcobsi.lex
=STA  \\$aSUPPRESSED$bunable to determine reason for suppression

