=LDR  02338 am a2200613 a 4500
=001  015393505
=003  Uk
=005  20101013160500.0
=006  m||||||||d||||||||
=007  cr||||||||||||
=008  090308s2007\\\\enk\\\\\sb\\\o000|0\eng|\
=040  \\$aStDuBDS$beng$cStDuBDS
=042  \\$aukblsr
=050  \4$aT55.3.H45
=082  04$a363.11$222
=100  1\$aOliver, Sarah.
=245  10$aHSE 'Height aware' campaign evaluation$h[electronic resource] /$cSarah Oliver, Richard Brown & Claire Bassett.
=260  \\$aSudbury :$bHSE,$c2007.
=300  \\$a154 p. :$bdigital, PDF file.
=336  \\$atext$2rdacontent
=337  \\$acomputer$2rdamedia
=338  \\$aonline resource$2rdacarrier
=490  1\$aResearch report ;$v572
=500  \\$aTitle from PDF title page (viewed on 8 March 2009).
=500  \\$aPrepared by BMRB Limited for the Health and Safety Executive.
=504  \\$aIncludes bibliographical references.
=530  \\$aAlso issued in print format.
=538  \\$aMode of access: World Wide Web.
=538  \\$aSystem requirements: Adobe Acrobat Reader.
=650  \0$aFalls (Accidents)$xPrevention$xStudy and teaching$zGreat Britain$xEvaluation.
=650  \0$aSafety education, Industrial$zGreat Britain$xEvaluation.
=700  1\$aBrown, Richard.
=700  1\$aBassett, Claire.
=710  1\$aGreat Britain.$bHealth and Safety Executive.
=710  2\$aBMRB Social Research (Firm)
=830  \0$aResearch report (Great Britain. Health and Safety Executive) ;$v572.
=852  41$aBritish Library$bHMNTS$jDigital store
=856  40$uhttp://www.hse.gov.uk/research/rrpdf/rr572.pdf
=985  \\$aCOBSI record
=CAT  \\$aBATCH-SURR$b00$c20091015$lBLL01$h1133
=CAT  \\$aBATCH$b00$c20091015$lBLL01$h1135
=CAT  \\$aBATCH-UPD$b00$c20091015$lBLL01$h1322
=CAT  \\$a12181$b40$c20100224$lBLL01$h1620
=CAT  \\$a12181$b40$c20100310$lBLL01$h1531
=CAT  \\$a12181$b40$c20100324$lBLL01$h1302
=CAT  \\$a12181$b40$c20100324$lBLL01$h1441
=CAT  \\$a12181$b40$c20101007$lBLL01$h1229
=CAT  \\$a12181$b40$c20101013$lBLL01$h1605
=CAT  \\$aW1711-1225$c20171203$lBLL01$h1035
=FIN  \\$aY$d20091015
=FMT  \\$a  BK
=LAS  \\$aW1711-1225$b00$c20171203$lBLL01$h1035
=SRC  \\$aCOBSI$b1bcobsi.lex
=STA  \\$aSUPPRESSED$bunable to determine reason for suppression

