=LDR  02146 am a2200553 a 4500
=001  015393508
=003  Uk
=005  20100224143003.0
=006  m||||||||d||||||||
=007  cr||||||||||||
=008  090309s2007\\\\enk\\\\\sb\\\o000|0\eng|\
=040  \\$aStDuBDS$beng$cStDuBDS
=042  \\$aukblsr
=050  \4$aRL241
=082  04$a616.51$222
=245  04$aThe causative factors of dermatitis among workers exposed to metalworking fluids$h[electronic resource] /$cSean Semple ... [et al.].
=260  \\$aSudbury :$bHSE,$c2007.
=300  \\$a78 p. :$bdigital, PDF file.
=336  \\$atext$2rdacontent
=337  \\$acomputer$2rdamedia
=338  \\$aonline resource$2rdacarrier
=490  1\$aResearch report ;$v577
=500  \\$aTitle from PDF title page (viewed on 9 March 2009).
=500  \\$aPrepared by Aberdeen University and the Institute of Occupational Medicine for the Health and Safety Executive.
=504  \\$aIncludes bibliographical references.
=530  \\$aAlso issued in print format.
=538  \\$aMode of access: World Wide Web.
=538  \\$aSystem requirements: Adobe Acrobat Reader.
=650  \0$aOccupational dermatitis.
=650  \0$aMetal-workers$xHealth and hygiene.
=650  \0$aMetal-working lubricants$xHealth aspects.
=700  1\$aSemple, Sean.
=710  1\$aGreat Britain.$bHealth and Safety Executive.
=710  2\$aUniversity of Aberdeen.
=710  2\$aInstitute of Occupational Medicine (Edinburgh, Scotland)
=830  \0$aResearch report (Great Britain. Health and Safety Executive) ;$v577.
=852  41$aBritish Library$bHMNTS$jDigital store
=856  40$uhttp://www.hse.gov.uk/research/rrpdf/rr577.pdf
=985  \\$aCOBSI record
=CAT  \\$aBATCH-SURR$b00$c20091015$lBLL01$h1133
=CAT  \\$aBATCH$b00$c20091015$lBLL01$h1135
=CAT  \\$aBATCH-UPD$b00$c20091015$lBLL01$h1322
=CAT  \\$a12181$b40$c20100224$lBLL01$h1430
=CAT  \\$aW1711-1225$c20171203$lBLL01$h1035
=FIN  \\$aY$d20091015
=FMT  \\$a  BK
=LAS  \\$aW1711-1225$b00$c20171203$lBLL01$h1035
=SRC  \\$aCOBSI$b1bcobsi.lex
=STA  \\$aSUPPRESSED$bunable to determine reason for suppression

