=LDR  02348 am a2200601 a 4500
=001  015393509
=003  Uk
=005  20100224142732.0
=006  m||||||||d||||||||
=007  cr||||||||||||
=008  090309s2007\\\\enk\\\\\sb\\\o000|0\eng|\
=040  \\$aStDuBDS$beng$cStDuBDS
=042  \\$aukblsr
=050  \4$aHD7261
=082  04$a658.408$222
=100  1\$aLansdown, Terry C.
=245  10$aHealth and safety in the small to medium-sized enterprise$h[electronic resource] :$bpsychosocial opportunities for intervention /$cTerry C. Lansdown, Carolyn Deighan & Chris Brotherton.
=260  \\$aSudbury :$bHSE,$c2007.
=300  \\$a100 p. :$bdigital, PDF file.
=336  \\$atext$2rdacontent
=337  \\$acomputer$2rdamedia
=338  \\$aonline resource$2rdacarrier
=490  1\$aResearch report ;$v578
=500  \\$aTitle from PDF title page (viewed on 9 March 2009).
=500  \\$aPrepared by Heriot Watt University for the Health and Safety Executive.
=504  \\$aIncludes bibliographical references.
=530  \\$aAlso issued in print format.
=538  \\$aMode of access: World Wide Web.
=538  \\$aSystem requirements: Adobe Acrobat Reader.
=650  \0$aIndustrial safety$xPsychological aspects.
=650  \0$aIndustrial safety$xSocial aspects.
=650  \0$aIndustrial hygiene$xPsychological aspects.
=650  \0$aIndustrial hygiene$xSocial aspects.
=650  \0$aSmall business$xManagement.
=650  \0$aSmall business$xEmployees$xHealth and hygiene.
=700  1\$aDeighan, Carolyn.
=700  1\$aBrotherton, Christopher J.
=710  1\$aGreat Britain.$bHealth and Safety Executive.
=710  2\$aHeriot-Watt University.
=830  \0$aResearch report (Great Britain. Health and Safety Executive) ;$v578.
=852  41$aBritish Library$bHMNTS$jDigital store
=856  40$uhttp://www.hse.gov.uk/research/rrpdf/rr578.pdf
=985  \\$aCOBSI record
=CAT  \\$aBATCH-SURR$b00$c20091015$lBLL01$h1133
=CAT  \\$aBATCH$b00$c20091015$lBLL01$h1135
=CAT  \\$aBATCH-UPD$b00$c20091015$lBLL01$h1322
=CAT  \\$a12181$b40$c20100224$lBLL01$h1427
=CAT  \\$aW1711-1225$c20171203$lBLL01$h1035
=FIN  \\$aY$d20091015
=FMT  \\$a  BK
=LAS  \\$aW1711-1225$b00$c20171203$lBLL01$h1035
=SRC  \\$aCOBSI$b1bcobsi.lex
=STA  \\$aSUPPRESSED$bunable to determine reason for suppression

