=LDR  02032 am a2200529 a 4500
=001  015393512
=003  Uk
=005  20100120182712.0
=006  m||||||||d||||||||
=007  cr||||||||||||
=008  090309s2007\\\\enk\\\\\sb\\\o000|0\eng|\
=040  \\$aStDuBDS$beng$cStDuBDS
=042  \\$aukblsr
=050  \4$aRD771.B217
=082  04$a617.56404452$222
=100  1\$aHillier, Joanna.
=245  10$aHSE Better Backs 2006$h[electronic resource] :$bworker involvement evaluation : research with Unite Amicus safety representatives /$cJoanna Hillier.
=260  \\$aSudbury :$bHSE,$c2007.
=300  \\$a74 p. :$bdigital, PDF file.
=336  \\$atext$2rdacontent
=337  \\$acomputer$2rdamedia
=338  \\$aonline resource$2rdacarrier
=490  1\$aResearch report ;$v581
=500  \\$aTitle from PDF title page (viewed on 9 March 2009).
=500  \\$aPrepared by Opinion Leader Research for the Health and Safety Executive.
=504  \\$aIncludes bibliographical references.
=530  \\$aAlso issued in print format.
=538  \\$aMode of access: World Wide Web.
=538  \\$aSystem requirements: Adobe Acrobat Reader.
=650  \0$aBack$xCare and hygiene.
=650  \0$aSafety education, Industrial$zGreat Britain$xEvaluation.
=710  1\$aGreat Britain.$bHealth and Safety Executive.
=710  2\$aOpinion Leader Research Ltd.
=830  \0$aResearch report (Great Britain. Health and Safety Executive) ;$v581.
=852  41$aBritish Library$bHMNTS$jDigital store
=856  40$uhttp://www.hse.gov.uk/research/rrpdf/rr581.pdf
=985  \\$aCOBSI record
=CAT  \\$aBATCH-SURR$b00$c20091015$lBLL01$h1133
=CAT  \\$aBATCH$b00$c20091015$lBLL01$h1135
=CAT  \\$aBATCH-UPD$b00$c20091015$lBLL01$h1322
=CAT  \\$a12181$b40$c20100120$lBLL01$h1827
=CAT  \\$aW1711-1225$c20171203$lBLL01$h1035
=FIN  \\$aY$d20091015
=FMT  \\$a  BK
=LAS  \\$aW1711-1225$b00$c20171203$lBLL01$h1035
=SRC  \\$aCOBSI$b1bcobsi.lex
=STA  \\$aSUPPRESSED$bunable to determine reason for suppression

