=LDR  02231 am a2200577 a 4500
=001  015393513
=003  Uk
=005  20100224135908.0
=006  m||||||||d||||||||
=007  cr||||||||||||
=008  090309s2007\\\\enk\\\\\sb\\\o000|0\eng|\
=040  \\$aStDuBDS$beng$cStDuBDS
=042  \\$aukblsr
=050  \4$aHV7936.P47
=082  04$a363.220941$222
=100  1\$aHayday, S.$q(Sue)
=245  10$aManaging sickness absence in the police service$h[electronic resource] :$ba review of current practices /$cSue Hayday, Andrea Broughton, Clare Tyers.
=260  \\$aSudbury :$bHSE,$c2007.
=300  \\$a150 p. :$bdigital, PDF file.
=336  \\$atext$2rdacontent
=337  \\$acomputer$2rdamedia
=338  \\$aonline resource$2rdacarrier
=490  1\$aResearch report ;$v582
=500  \\$aTitle from PDF title page (viewed on 9 March 2009).
=500  \\$aPrepared by the Institute for Employment Studies for the Health and Safety Executive and the Home Office.
=504  \\$aIncludes bibliographical references.
=530  \\$aAlso issued in print format.
=538  \\$aMode of access: World Wide Web.
=538  \\$aSystem requirements: Adobe Acrobat Reader.
=650  \0$aSick leave$zGreat Britain.
=650  \0$aPolice$zGreat Britain$xPersonnel management.
=700  1\$aBroughton, Andrea.
=700  1\$aTyers, C.$q(Claire).
=710  1\$aGreat Britain.$bHealth and Safety Executive.
=710  2\$aInstitute for Employment Studies.
=710  1\$aGreat Britain.$bHome Office.
=830  \0$aResearch report (Great Britain. Health and Safety Executive) ;$v582.
=852  41$aBritish Library$bHMNTS$jDigital store
=856  40$uhttp://www.hse.gov.uk/research/rrpdf/rr582.pdf
=985  \\$aCOBSI record
=CAT  \\$aBATCH-SURR$b00$c20091015$lBLL01$h1133
=CAT  \\$aBATCH$b00$c20091015$lBLL01$h1135
=CAT  \\$aBATCH-UPD$b00$c20091015$lBLL01$h1322
=CAT  \\$a12181$b40$c20100224$lBLL01$h1359
=CAT  \\$aW1711-1225$c20171203$lBLL01$h1035
=CAT  \\$aBATCH-UPD$b00$c20171203$lBLL01$h1305
=FIN  \\$aY$d20091015
=FMT  \\$a  BK
=LAS  \\$aBATCH-UPD$b00$c20171203$lBLL01$h1305
=SRC  \\$aCOBSI$b1bcobsi.lex
=STA  \\$aSUPPRESSED$bunable to determine reason for suppression

