=LDR  02108 am a2200529 a 4500
=001  015393514
=003  Uk
=005  20100224135238.0
=006  m||||||||d||||||||
=007  cr||||||||||||
=008  090309s2007\\\\enk\\\\\sb\\\o000|0\eng|\
=040  \\$aStDuBDS$beng$cStDuBDS
=042  \\$aukblsr
=050  \4$aT55.3.L5
=082  04$a363.110715$222
=245  00$aManual handling training$h[electronic resource] :$binvestigation of current practices and development of guidelines /$cCheryl Haslam ... [et al.].
=260  \\$aSudbury :$bHSE,$c2007.
=300  \\$a168 p. :$bdigital, PDF file.
=336  \\$atext$2rdacontent
=337  \\$acomputer$2rdamedia
=338  \\$aonline resource$2rdacarrier
=490  1\$aResearch report ;$v583
=500  \\$aTitle from PDF title page (viewed on 9 March 2009).
=500  \\$aPrepared by the Work and Health Research Centre for the Health and Safety Executive.
=504  \\$aIncludes bibliographical references.
=530  \\$aAlso issued in print format.
=538  \\$aMode of access: World Wide Web.
=538  \\$aSystem requirements: Adobe Acrobat Reader.
=650  \0$aLifting and carrying$xStudy and teaching$zGreat Britain.
=650  \0$aSafety education, Industrial$zGreat Britain$xEvaluation.
=700  1\$aHaslam, Cheryl,$d1960-
=710  1\$aGreat Britain.$bHealth and Safety Executive.
=710  2\$aLoughborough University.$bWork and Health Research Centre.
=830  \0$aResearch report (Great Britain. Health and Safety Executive) ;$v583.
=852  41$aBritish Library$bHMNTS$jDigital store
=856  40$uhttp://www.hse.gov.uk/research/rrpdf/rr583.pdf
=985  \\$aCOBSI record
=CAT  \\$aBATCH-SURR$b00$c20091015$lBLL01$h1133
=CAT  \\$aBATCH$b00$c20091015$lBLL01$h1135
=CAT  \\$aBATCH-UPD$b00$c20091015$lBLL01$h1322
=CAT  \\$a12181$b40$c20100224$lBLL01$h1352
=CAT  \\$aW1711-1225$c20171203$lBLL01$h1035
=FIN  \\$aY$d20091015
=FMT  \\$a  BK
=LAS  \\$aW1711-1225$b00$c20171203$lBLL01$h1035
=SRC  \\$aCOBSI$b1bcobsi.lex
=STA  \\$aSUPPRESSED$bunable to determine reason for suppression

