=LDR  02313 am a2200565 a 4500
=001  015393517
=003  Uk
=005  20100217151615.0
=006  m||||||||d||||||||
=007  cr||||||||||||
=008  090310s2007\\\\enk\\\\\s\\\\o000|0\eng|\
=040  \\$aStDuBDS$beng$cStDuBDS
=042  \\$aukblsr
=050  \4$aTL153
=082  04$a363.119629287$222
=100  1\$aWilson, Sally,$d1972-
=245  13$aAn evaluation of the local authority programme joint authorisation pilot project$h[electronic resource] :$btransfer of enforcement responsibilities in the motor vehicle repair and dry-cleaning sectors /$cSally Wilson, Claire Tyers.
=260  \\$aSudbury :$bHSE,$c2007.
=300  \\$a90 p. :$bdigital, PDF file.
=336  \\$atext$2rdacontent
=337  \\$acomputer$2rdamedia
=338  \\$aonline resource$2rdacarrier
=490  1\$aResearch report ;$v586
=500  \\$aTitle from PDF title page (viewed on 10 March 2009).
=500  \\$aPrepared by the Institute for Employment Studies for the Health and Safety Executive.
=530  \\$aAlso issued in print format.
=538  \\$aMode of access: World Wide Web.
=538  \\$aSystem requirements: Adobe Acrobat Reader.
=650  \0$aAutomobile repair shops$xInspection$zGreat Britain.
=650  \0$aDry cleaning industry$xInspection$zGreat Britain.
=650  \0$aAdministrative agencies$zGreat Britain$xReorganization.
=700  1\$aTyers, C.$q(Claire).
=710  1\$aGreat Britain.$bHealth and Safety Executive.
=710  2\$aInstitute for Employment Studies.
=830  \0$aResearch report (Great Britain. Health and Safety Executive) ;$v586.
=852  41$aBritish Library$bHMNTS$jDigital store
=856  40$uhttp://www.hse.gov.uk/research/rrpdf/rr586.pdf
=985  \\$aCOBSI record
=CAT  \\$aBATCH-SURR$b00$c20091015$lBLL01$h1133
=CAT  \\$aBATCH$b00$c20091015$lBLL01$h1135
=CAT  \\$aBATCH-UPD$b00$c20091015$lBLL01$h1322
=CAT  \\$a12181$b40$c20100217$lBLL01$h1456
=CAT  \\$a12181$b40$c20100217$lBLL01$h1516
=CAT  \\$aW1711-1225$c20171203$lBLL01$h1035
=CAT  \\$aBATCH-UPD$b00$c20171203$lBLL01$h1305
=FIN  \\$aY$d20091015
=FMT  \\$a  BK
=LAS  \\$aBATCH-UPD$b00$c20171203$lBLL01$h1305
=SRC  \\$aCOBSI$b1bcobsi.lex
=STA  \\$aSUPPRESSED$bunable to determine reason for suppression

