=LDR  01876 am a2200493 a 4500
=001  015393519
=003  Uk
=005  20100203190041.0
=006  m||||||||d||||||||
=007  cr||||||||||||
=008  090310s2007\\\\enk\\\\\sb\\\o000|0\eng|\
=040  \\$aStDuBDS$beng$cStDuBDS
=042  \\$aukblsr
=050  \4$aLB2840.2
=082  04$a371.10019$222
=245  00$aTesting the effectiveness of the streamlined national well being programme at managing work-related stress in schools$h[electronic resource] /$cWorklife Support Limited.
=260  \\$aSudbury :$bHSE,$c2007.
=300  \\$a94 p. :$bdigital, PDF file.
=336  \\$atext$2rdacontent
=337  \\$acomputer$2rdamedia
=338  \\$aonline resource$2rdacarrier
=490  1\$aResearch report ;$v588
=500  \\$aTitle from PDF title page (viewed on 10 March 2009).
=504  \\$aIncludes bibliographical references.
=530  \\$aAlso issued in print format.
=538  \\$aMode of access: World Wide Web.
=538  \\$aSystem requirements: Adobe Acrobat Reader.
=650  \0$aTeachers$xJob stress$zGreat Britain$xPrevention.
=710  1\$aGreat Britain.$bHealth and Safety Executive.
=710  2\$aWorklife Support Limited.
=830  \0$aResearch report (Great Britain. Health and Safety Executive) ;$v588.
=852  41$aBritish Library$bHMNTS$jDigital store
=856  40$uhttp://www.hse.gov.uk/research/rrpdf/rr588.pdf
=985  \\$aCOBSI record
=CAT  \\$aBATCH-SURR$b00$c20091015$lBLL01$h1133
=CAT  \\$aBATCH$b00$c20091015$lBLL01$h1135
=CAT  \\$aBATCH-UPD$b00$c20091015$lBLL01$h1322
=CAT  \\$a12181$b40$c20100203$lBLL01$h1900
=CAT  \\$aW1711-1225$c20171203$lBLL01$h1035
=FIN  \\$aY$d20091015
=FMT  \\$a  BK
=LAS  \\$aW1711-1225$b00$c20171203$lBLL01$h1035
=SRC  \\$aCOBSI$b1bcobsi.lex
=STA  \\$aSUPPRESSED$bunable to determine reason for suppression

