=LDR  02114 am a2200553 a 4500
=001  015393520
=003  Uk
=005  20171203130500.0
=006  m||||||||d||||||||
=007  cr||||||||||||
=008  090310s2007\\\\enk\\\\\sb\\\o000|0\eng|\
=040  \\$aStDuBDS$beng$cStDuBDS
=042  \\$aukblsr
=050  \4$aHD7695
=082  04$a363.110941$222
=100  1\$aCowling, Marc.
=245  10$aWork and enterprise panel 2$h[electronic resource] :$bbusiness survey /$cMarc Cowling, Stephen Bevan.
=260  \\$aSudbury :$bHSE,$c2007.
=300  \\$a70 p. :$bdigital, PDF file.
=336  \\$atext$2rdacontent
=337  \\$acomputer$2rdamedia
=338  \\$aonline resource$2rdacarrier
=490  1\$aResearch report ;$v589
=500  \\$aTitle from PDF title page (viewed on 10 March 2009).
=500  \\$aPrepared by the Institute for Employment Studies and The Work Foundation for the Health and Safety Executive.
=504  \\$aIncludes bibliographical references.
=530  \\$aAlso issued in print format.
=538  \\$aMode of access: World Wide Web.
=538  \\$aSystem requirements: Adobe Acrobat Reader.
=650  \0$aIndustrial safety$zGreat Britain$xPublic opinion.
=650  \0$aIndustrial hygiene$zGreat Britain$xPublic opinion.
=700  1\$aBevan, S.$q(Stephen).
=710  1\$aGreat Britain.$bHealth and Safety Executive.
=710  2\$aInstitute for Employment Studies.
=710  2\$aWork Foundation.
=830  \0$aResearch report (Great Britain. Health and Safety Executive) ;$v589.
=852  41$aBritish Library$bHMNTS$jDigital store
=856  40$uhttp://www.hse.gov.uk/research/rrpdf/rr589.pdf
=985  \\$aCOBSI record
=CAT  \\$aBATCH-SURR$b00$c20091015$lBLL01$h1133
=CAT  \\$aBATCH$b00$c20091015$lBLL01$h1135
=CAT  \\$aBATCH-UPD$b00$c20091015$lBLL01$h1322
=CAT  \\$aW1711-1225$c20171203$lBLL01$h1035
=CAT  \\$aBATCH-UPD$b00$c20171203$lBLL01$h1305
=FIN  \\$aY$d20091015
=FMT  \\$a  BK
=LAS  \\$aBATCH-UPD$b00$c20171203$lBLL01$h1305
=SRC  \\$aCOBSI$b1bcobsi.lex
=STA  \\$aSUPPRESSED$bunable to determine reason for suppression

