=LDR  02263 am a2200589 a 4500
=001  015393522
=003  Uk
=005  20100408124444.0
=006  m||||||||d||||||||
=007  cr||||||||||||
=008  090310s2007\\\\enk\\\\\sb\\\o000|0\eng|\
=040  \\$aStDuBDS$beng$cStDuBDS
=042  \\$aukblsr
=050  \4$aTJ1320
=082  04$a621.97$222
=100  1\$aHeaton, Richard,$d1983-
=245  10$aCorrelation between vibration emission and vibration during real use.$pFastener driving tools$h[electronic resource] /$cRichard Heaton, Sue Hewitt, Liz Yeomans.
=260  \\$aSudbury :$bHSE,$c2007.
=300  \\$a306 p. :$bdigital, PDF file.
=336  \\$atext$2rdacontent
=337  \\$acomputer$2rdamedia
=338  \\$aonline resource$2rdacarrier
=490  1\$aResearch report ;$v591
=500  \\$aTitle from PDF title page (viewed on 10 March 2009).
=500  \\$aPrepared by the Health and Safety Laboratory for the Health and Safety Executive.
=504  \\$aIncludes bibliographical references.
=530  \\$aAlso issued in print format.
=538  \\$aMode of access: World Wide Web.
=538  \\$aSystem requirements: Adobe Acrobat Reader.
=650  \0$aVibration$xMeasurement.
=650  \0$aPneumatic nailers$xVibration.
=650  \0$aStaples and stapling machines$xVibration.
=700  1\$aHewitt, Sue.
=700  1\$aYeomans, Liz,$d1962-
=710  1\$aGreat Britain.$bHealth and Safety Executive.
=710  2\$aHealth and Safety Laboratory (Great Britain)
=830  \0$aResearch report (Great Britain. Health and Safety Executive) ;$v591.
=852  41$aBritish Library$bHMNTS$jDigital store
=856  40$uhttp://www.hse.gov.uk/research/rrpdf/rr591.pdf
=985  \\$aCOBSI record
=CAT  \\$aBATCH-SURR$b00$c20091015$lBLL01$h1133
=CAT  \\$aBATCH$b00$c20091015$lBLL01$h1135
=CAT  \\$aBATCH-UPD$b00$c20091015$lBLL01$h1322
=CAT  \\$a12181$b40$c20100217$lBLL01$h1635
=CAT  \\$a12181$b40$c20100224$lBLL01$h1518
=CAT  \\$a12181$b40$c20100408$lBLL01$h1244
=CAT  \\$aW1711-1225$c20171203$lBLL01$h1035
=FIN  \\$aY$d20091015
=FMT  \\$a  BK
=LAS  \\$aW1711-1225$b00$c20171203$lBLL01$h1035
=SRC  \\$aCOBSI$b1bcobsi.lex
=STA  \\$aSUPPRESSED$bunable to determine reason for suppression

