=LDR  01939 am a2200505 a 4500
=001  015393523
=003  Uk
=005  20100217143839.0
=006  m||||||||d||||||||
=007  cr||||||||||||
=008  090310s2007\\\\enk\\\\\sb\\\o000|0\eng|\
=040  \\$aStDuBDS$beng$cStDuBDS
=042  \\$aukblsr
=050  \4$aTN871.3
=082  04$a363.11962233819$222
=245  00$aAssessment of the benefits to the offshore industry from new technology and operating practices used in the shipping industry for managing collision risk$h[electronic resource] /$cAnatec UK Limited.
=260  \\$aSudbury :$bHSE,$c2007.
=300  \\$a98 p. :$bdigital, PDF file.
=336  \\$atext$2rdacontent
=337  \\$acomputer$2rdamedia
=338  \\$aonline resource$2rdacarrier
=490  1\$aResearch report ;$v592
=500  \\$aTitle from PDF title page (viewed on 10 March 2009).
=504  \\$aIncludes bibliographical references.
=530  \\$aAlso issued in print format.
=538  \\$aMode of access: World Wide Web.
=538  \\$aSystem requirements: Adobe Acrobat Reader.
=650  \0$aOffshore structures$xSafety measures.
=650  \0$aCollisions at sea$xPrevention.
=710  1\$aGreat Britain.$bHealth and Safety Executive.
=710  2\$aAnatec UK Limited.
=830  \0$aResearch report (Great Britain. Health and Safety Executive) ;$v592.
=852  41$aBritish Library$bHMNTS$jDigital store
=856  40$uhttp://www.hse.gov.uk/research/rrpdf/rr592.pdf
=985  \\$aCOBSI record
=CAT  \\$aBATCH-SURR$b00$c20091015$lBLL01$h1133
=CAT  \\$aBATCH$b00$c20091015$lBLL01$h1135
=CAT  \\$aBATCH-UPD$b00$c20091015$lBLL01$h1322
=CAT  \\$a12181$b40$c20100217$lBLL01$h1438
=CAT  \\$aW1711-1225$c20171203$lBLL01$h1035
=FIN  \\$aY$d20091015
=FMT  \\$a  BK
=LAS  \\$aW1711-1225$b00$c20171203$lBLL01$h1035
=SRC  \\$aCOBSI$b1bcobsi.lex
=STA  \\$aSUPPRESSED$bunable to determine reason for suppression

