=LDR  02357 am a2200541 a 4500
=001  015393524
=003  Uk
=005  20100127175600.0
=006  m||||||||d||||||||
=007  cr||||||||||||
=008  090310s2007\\\\enk\\\\\s\\\\o000|0\eng|\
=040  \\$aStDuBDS$beng$cStDuBDS
=042  \\$aukblsr
=050  \4$aKD703.D3
=082  04$a346.41032$222
=100  1\$aNeal, Alan C.,$d1950-
=245  12$aA survey of changes in the volume and composition of claims for damages for occupational injury or ill health resulting from the Management of Health and Safety at Work and Fire Precautions (Workplace) (Amendment) Regulations 2003$h[electronic resource] /$cAlan C. Neal & Frank B. Wright.
=260  \\$aSudbury :$bHSE,$c2007.
=300  \\$a38 p. :$bdigital, PDF file.
=336  \\$atext$2rdacontent
=337  \\$acomputer$2rdamedia
=338  \\$aonline resource$2rdacarrier
=490  1\$aResearch report ;$v593
=500  \\$aTitle from PDF title page (viewed on 10 March 2009).
=500  \\$aPrepared by the Employment Law Research Unit in the University of Warwick for the Health and Safety Executive.
=530  \\$aAlso issued in print format.
=538  \\$aMode of access: World Wide Web.
=538  \\$aSystem requirements: Adobe Acrobat Reader.
=610  10$aGreat Britain.$tManagement of Health and Safety at Work and Fire Precautions (Workplace) (Amendment) Regulations 2003.
=650  \0$aEmployers' liability$zGreat Britain.
=650  \0$aDamages$zGreat Britain.
=700  1\$aWright, Frank B.$q(Frank Beverley),$d1947-
=710  1\$aGreat Britain.$bHealth and Safety Executive.
=710  2\$aUniversity of Warwick.$bEmployment Law Research Unit.
=830  \0$aResearch report (Great Britain. Health and Safety Executive) ;$v593.
=852  41$aBritish Library$bHMNTS$jDigital store
=856  40$uhttp://www.hse.gov.uk/research/rrpdf/rr593.pdf
=985  \\$aCOBSI record
=CAT  \\$aBATCH-SURR$b00$c20091015$lBLL01$h1133
=CAT  \\$aBATCH$b00$c20091015$lBLL01$h1135
=CAT  \\$aBATCH-UPD$b00$c20091015$lBLL01$h1322
=CAT  \\$a12181$b40$c20100127$lBLL01$h1756
=CAT  \\$aW1711-1225$c20171203$lBLL01$h1035
=FIN  \\$aY$d20091015
=FMT  \\$a  BK
=LAS  \\$aW1711-1225$b00$c20171203$lBLL01$h1035
=SRC  \\$aCOBSI$b1bcobsi.lex
=STA  \\$aSUPPRESSED$bunable to determine reason for suppression

