=LDR  01975 am a2200517 a 4500
=001  015393525
=003  Uk
=005  20171203103500.0
=006  m||||||||d||||||||
=007  cr||||||||||||
=008  090310s2008\\\\enk\\\\\sb\\\o000|0\eng|\
=040  \\$aStDuBDS$beng$cStDuBDS
=042  \\$aukblsr
=050  \4$aRA645.M85
=082  04$a614.597$222
=100  10$aParkes, Katharine R.
=245  10$aSocial support and musculoskeletal disorders$h[electronic resource] :$bliterature review and data analysis /$cKatharine R. Parkes.
=260  \\$aSudbury :$bHSE,$c2008.
=300  \\$a66 p. :$bdigital, PDF file.
=336  \\$atext$2rdacontent
=337  \\$acomputer$2rdamedia
=338  \\$aonline resource$2rdacarrier
=490  1\$aResearch report ;$v594
=500  \\$aTitle from PDF title page (viewed on 10 March 2009).
=500  \\$aPrepared by the University of Oxford for the Health and Safety Executive.
=504  \\$aIncludes bibliographical references.
=530  \\$aAlso issued in print format.
=538  \\$aMode of access: World Wide Web.
=538  \\$aSystem requirements: Adobe Acrobat Reader.
=650  \0$aMusculoskeletal system$xWounds and injuries$xSocial aspects.
=710  1\$aGreat Britain.$bHealth and Safety Executive.
=710  2\$aUniversity of Oxford.
=830  \0$aResearch report (Great Britain. Health and Safety Executive) ;$v594.
=852  41$aBritish Library$bHMNTS$jDigital store
=856  40$uhttp://www.hse.gov.uk/research/rrpdf/rr594.pdf
=985  \\$aCOBSI record
=CAT  \\$aBATCH-SURR$b00$c20091015$lBLL01$h1133
=CAT  \\$aBATCH$b00$c20091015$lBLL01$h1135
=CAT  \\$aBATCH-UPD$b00$c20091015$lBLL01$h1322
=CAT  \\$aBATCH-UPD$b00$c20151219$lBLL01$h1853
=CAT  \\$aW1711-1225$c20171203$lBLL01$h1035
=FIN  \\$aY$d20091015
=FMT  \\$a  BK
=LAS  \\$aW1711-1225$b00$c20171203$lBLL01$h1035
=SRC  \\$aCOBSI$b1bcobsi.lex
=STA  \\$aSUPPRESSED$bunable to determine reason for suppression

