=LDR  02499 am a2200613 a 4500
=001  015393526
=003  Uk
=005  20100224150737.0
=006  m||||||||d||||||||
=007  cr||||||||||||
=008  090310s2007\\\\enk\\\\\sb\\\o000|0\eng|\
=040  \\$aStDuBDS$beng$cStDuBDS
=042  \\$aukblsr
=050  \4$aRC262
=082  04$a614.59990941$222
=100  10$aRushton, Lesley.
=245  14$aThe burden of occupational cancer in Great Britain$h[electronic resource] :$bresults for bladder cancer, leukaemia, cancer of the lung, mesothelioma, non-melanoma skin cancer and sinonasal cancer /$cLesley Rushton & Sally Hutchings, Terry Brown.
=260  \\$aSudbury :$bHSE,$c2007.
=300  \\$a132 p. :$bdigital, PDF file.
=336  \\$atext$2rdacontent
=337  \\$acomputer$2rdamedia
=338  \\$aonline resource$2rdacarrier
=490  1\$aResearch report ;$v595
=500  \\$aTitle from PDF title page (viewed on 10 March 2009).
=500  \\$aPrepared by Imperial College London and the Health and Safety Laboratory for the Health and Safety Executive.
=504  \\$aIncludes bibliographical references.
=530  \\$aAlso issued in print format.
=538  \\$aMode of access: World Wide Web.
=538  \\$aSystem requirements: Adobe Acrobat Reader.
=650  \0$aOccupational diseases$zGreat Britain.
=650  \0$aCancer$zGreat Britain.
=650  \0$aCarcinogens$zGreat Britain.
=700  1\$aHutchings, Sally.
=700  1\$aBrown, Terry,$d1960-
=710  1\$aGreat Britain.$bHealth and Safety Executive.
=710  2\$aImperial College of Science, Technology and Medicine.
=710  2\$aHealth and Safety Laboratory (Great Britain)
=830  \0$aResearch report (Great Britain. Health and Safety Executive) ;$v595.
=852  41$aBritish Library$bHMNTS$jDigital store
=856  40$uhttp://www.hse.gov.uk/research/rrpdf/rr595.pdf
=985  \\$aCOBSI record
=CAT  \\$aBATCH-SURR$b00$c20091015$lBLL01$h1133
=CAT  \\$aBATCH$b00$c20091015$lBLL01$h1135
=CAT  \\$aBATCH-UPD$b00$c20091015$lBLL01$h1153
=CAT  \\$aBATCH-UPD$b00$c20091015$lBLL01$h1322
=CAT  \\$a12181$b40$c20100210$lBLL01$h1804
=CAT  \\$a12181$b40$c20100224$lBLL01$h1507
=CAT  \\$aBATCH-UPD$b40$c20151212$lBLL01$h1724
=CAT  \\$aW1711-1225$c20171203$lBLL01$h1035
=FIN  \\$aY$d20091015
=FMT  \\$a  BK
=LAS  \\$aW1711-1225$b00$c20171203$lBLL01$h1035
=SRC  \\$aCOBSI$b1bcobsi.lex
=STA  \\$aSUPPRESSED$bunable to determine reason for suppression

