=LDR  02434 am a2200613 a 4500
=001  015393527
=003  Uk
=005  20130709144048.0
=006  m||||||||d||||||||
=007  cr||||||||||||
=008  090311s2008\\\\enk\\\\\sb\\\o000|0\eng|\
=040  \\$aStDuBDS$beng$cStDuBDS
=042  \\$aukblsr
=050  \4$aRD557
=082  04$a617.5740446$222
=245  00$aManagement of upper limb disorders and the biopsychosocial model$h[electronic resource] /$cA.K. Burton ... [et al.].
=260  \\$aSudbury :$bHSE,$c2008.
=300  \\$a124 p. :$bdigital, PDF file.
=336  \\$atext$2rdacontent
=337  \\$acomputer$2rdamedia
=338  \\$aonline resource$2rdacarrier
=490  1\$aResearch report ;$v596
=500  \\$aTitle from PDF title page (viewed on 11 March 2009).
=500  \\$aPrepared by the University of Huddersfield, Health Services Consultancy, Humane Technology Ltd., Rolls-Royce plc and Pulvertaft Hand Centre for the Health and Safety Executive.
=504  \\$aIncludes bibliographical references.
=530  \\$aAlso issued in print format.
=538  \\$aMode of access: World Wide Web.
=538  \\$aSystem requirements: Adobe Acrobat Reader.
=650  \0$aArm$xWounds and injuries$xTreatment.
=650  \0$aArm$xWounds and injuries$xPatients$xRehabilitation.
=650  \0$aArm$xWounds and injuries$xPsychological aspects.
=650  \0$aArm$xWounds and injuries$xSocial aspects.
=700  1\$aBurton, A. Kim.
=710  1\$aGreat Britain.$bHealth and Safety Executive.
=710  2\$aUniversity of Huddersfield.
=710  2\$aHealth Services Consultancy.
=710  2\$aHumane Technology Ltd.
=710  2\$aRolls-Royce plc.
=710  2\$aPulvertaft Hand Centre.
=830  \0$aResearch report (Great Britain. Health and Safety Executive) ;$v596.
=852  41$aBritish Library$bHMNTS$jDigital store
=856  40$uhttp://www.hse.gov.uk/research/rrpdf/rr596.pdf
=985  \\$aCOBSI record
=CAT  \\$aBATCH-SURR$b00$c20091015$lBLL01$h1133
=CAT  \\$aBATCH$b00$c20091015$lBLL01$h1135
=CAT  \\$aBATCH-UPD$b00$c20091015$lBLL01$h1322
=CAT  \\$a12181$b40$c20100210$lBLL01$h1727
=CAT  \\$a8871$b40$c20130709$lBLL01$h1440
=CAT  \\$aW1711-1225$c20171203$lBLL01$h1035
=FIN  \\$aY$d20091015
=FMT  \\$a  BK
=LAS  \\$aW1711-1225$b00$c20171203$lBLL01$h1035
=SRC  \\$aCOBSI$b1bcobsi.lex
=STA  \\$aSUPPRESSED$bunable to determine reason for suppression

