=LDR  02179 am a2200529 a 4500
=001  015393528
=003  Uk
=005  20171203103500.0
=006  m||||||||d||||||||
=007  cr||||||||||||
=008  090311s2007\\\\enk\\\\\s\\\\o000|0\eng|\
=040  \\$aStDuBDS$beng$cStDuBDS
=042  \\$aukblsr
=050  \4$aKD2089
=082  04$a346.410664$222
=100  1\$aNeal, Alan C.,$d1950-
=245  12$aA survey of the use and effectiveness of the Company Directors Disqualification Act 1986 as a legal sanction against directors convicted of health and safety offences$h[electronic resource] /$cAlan C. Neal, Frank B. Wright.
=260  \\$aSudbury :$bHSE,$c2007.
=300  \\$a42 p. :$bdigital, PDF file.
=336  \\$atext$2rdacontent
=337  \\$acomputer$2rdamedia
=338  \\$aonline resource$2rdacarrier
=490  1\$aResearch report ;$v597
=500  \\$aTitle from PDF title page (viewed on 11 March 2009).
=500  \\$aPrepared by the University of Warwick for the Health and Safety Executive.
=530  \\$aAlso issued in print format.
=538  \\$aMode of access: World Wide Web.
=538  \\$aSystem requirements: Adobe Acrobat Reader.
=610  10$aGreat Britain.$tCompany Directors Disqualification Act 1986.
=650  \0$aDirectors of corporations$xLegal status, laws, etc.$zGreat Britain.
=650  \0$aIndustrial safety$xLaw and legislation$zGreat Britain.
=700  1\$aWright, Frank B.$q(Frank Beverley),$d1947-
=710  1\$aGreat Britain.$bHealth and Safety Executive.
=710  2\$aUniversity of Warwick.
=830  \0$aResearch report (Great Britain. Health and Safety Executive) ;$v597.
=852  41$aBritish Library$bHMNTS$jDigital store
=856  40$uhttp://www.hse.gov.uk/research/rrpdf/rr597.pdf
=985  \\$aCOBSI record
=CAT  \\$aBATCH-SURR$b00$c20091015$lBLL01$h1133
=CAT  \\$aBATCH$b00$c20091015$lBLL01$h1135
=CAT  \\$aBATCH-UPD$b00$c20091015$lBLL01$h1322
=CAT  \\$aW1711-1225$c20171203$lBLL01$h1035
=FIN  \\$aY$d20091015
=FMT  \\$a  BK
=LAS  \\$aW1711-1225$b00$c20171203$lBLL01$h1035
=SRC  \\$aCOBSI$b1bcobsi.lex
=STA  \\$aSUPPRESSED$bunable to determine reason for suppression

