=LDR  02216 am a2200565 a 4500
=001  015393529
=003  Uk
=005  20100210162026.0
=006  m||||||||d||||||||
=007  cr||||||||||||
=008  090312s2007\\\\enk\\\\\sb\\\o000|0\eng|\
=040  \\$aStDuBDS$beng$cStDuBDS
=042  \\$aukblsr
=050  \4$aRB45.2
=082  04$a616.07561$222
=100  1\$aJones, A. D.
=245  10$aEvaluation of Doppler monitoring for the control of hyperbaric exposure in tunnelling$h[electronic resource] /$cA.D. Jones & B.G. Miller, A.P. Colvin ; with material contributed by V. Flook.
=260  \\$aSudbury :$bHSE,$c2007.
=300  \\$a140 p. :$bdigital, PDF file.
=336  \\$atext$2rdacontent
=337  \\$acomputer$2rdamedia
=338  \\$aonline resource$2rdacarrier
=490  1\$aResearch report ;$v598
=500  \\$aTitle from PDF title page (viewed on 12 March 2009).
=500  \\$aPrepared by the Institute of Occupational Medicine for the Health and Safety Executive.
=504  \\$aIncludes bibliographical references.
=530  \\$aAlso issued in print format.
=538  \\$aMode of access: World Wide Web.
=538  \\$aSystem requirements: Adobe Acrobat Reader.
=650  \0$aTranscutaneous blood gas monitoring$xEvaluation.
=650  \0$aTunneling$xSafety measures.
=650  \0$aDecompression sickness$xPrevention.
=700  1\$aMiller, B. G.
=700  1\$aColvin, A. P.
=710  1\$aGreat Britain.$bHealth and Safety Executive.
=710  2\$aInstitute of Occupational Medicine (Edinburgh, Scotland)
=830  \0$aResearch report (Great Britain. Health and Safety Executive) ;$v598.
=852  41$aBritish Library$bHMNTS$jDigital store
=856  40$uhttp://www.hse.gov.uk/research/rrpdf/rr598.pdf
=985  \\$aCOBSI record
=CAT  \\$aBATCH-SURR$b00$c20091015$lBLL01$h1133
=CAT  \\$aBATCH$b00$c20091015$lBLL01$h1135
=CAT  \\$aBATCH-UPD$b00$c20091015$lBLL01$h1322
=CAT  \\$a12181$b40$c20100210$lBLL01$h1620
=CAT  \\$aW1711-1225$c20171203$lBLL01$h1035
=FIN  \\$aY$d20091015
=FMT  \\$a  BK
=LAS  \\$aW1711-1225$b00$c20171203$lBLL01$h1035
=SRC  \\$aCOBSI$b1bcobsi.lex
=STA  \\$aSUPPRESSED$bunable to determine reason for suppression

