=LDR  01981 am a2200541 a 4500
=001  015393530
=003  Uk
=005  20100210153127.0
=006  m||||||||d||||||||
=007  cr||||||||||||
=008  090312s2007\\\\enk\\\\\s\\\\o000|0\eng|\
=040  \\$aStDuBDS$beng$cStDuBDS
=042  \\$aukblsr
=050  \4$aVK1473
=082  04$a623.865$222
=100  10$aRobson, J. K.
=245  10$aOverview of TEMPSC performance standards$h[electronic resource] /$cJ.K. Robson.
=260  \\$aSudbury :$bHSE,$c2007.
=300  \\$a86 p. :$bdigital, PDF file.
=336  \\$atext$2rdacontent
=337  \\$acomputer$2rdamedia
=338  \\$aonline resource$2rdacarrier
=490  1\$aResearch report ;$v599
=500  \\$aTitle from PDF title page (viewed on 12 March 2009).
=500  \\$aPrepared by Serco Technical and Assurance Services for the Health and Safety Executive.
=530  \\$aAlso issued in print format.
=538  \\$aMode of access: World Wide Web.
=538  \\$aSystem requirements: Adobe Acrobat Reader.
=650  \0$aLifeboats.
=650  \0$aShips$xLaunching.
=650  \0$aOffshore oil industry$xSafety measures.
=710  1\$aGreat Britain.$bHealth and Safety Executive.
=710  2\$aSerco Technical and Assurance Services.
=830  \0$aResearch report (Great Britain. Health and Safety Executive) ;$v599.
=852  41$aBritish Library$bHMNTS$jDigital store
=856  40$uhttp://www.hse.gov.uk/research/rrpdf/rr599.pdf
=985  \\$aCOBSI record
=CAT  \\$aBATCH-SURR$b00$c20091015$lBLL01$h1133
=CAT  \\$aBATCH$b00$c20091015$lBLL01$h1135
=CAT  \\$aBATCH-UPD$b00$c20091015$lBLL01$h1322
=CAT  \\$a12181$b40$c20100210$lBLL01$h1531
=CAT  \\$aW1711-1225$c20171203$lBLL01$h1035
=CAT  \\$aBATCH-UPD$b00$c20171203$lBLL01$h1305
=FIN  \\$aY$d20091015
=FMT  \\$a  BK
=LAS  \\$aBATCH-UPD$b00$c20171203$lBLL01$h1305
=SRC  \\$aCOBSI$b1bcobsi.lex
=STA  \\$aSUPPRESSED$bunable to determine reason for suppression

