=LDR  02059 am a2200541 a 4500
=001  015393531
=003  Uk
=005  20100127172343.0
=006  m||||||||d||||||||
=007  cr||||||||||||
=008  090312s2007\\\\enk\\\\\sb\\\o000|0\eng|\
=040  \\$aStDuBDS$beng$cStDuBDS
=042  \\$aukblsr
=050  \4$aHD7695
=082  04$a363.10941$222
=100  1\$aSchultz, Wendy.
=245  10$aHSE futures scenario building$h[electronic resource] :$bthe future of health and safety in 2017 /$cWendy Schultz.
=260  \\$aSudbury :$bHSE,$c2007.
=300  \\$a114 p. :$bdigital, PDF file.
=336  \\$atext$2rdacontent
=337  \\$acomputer$2rdamedia
=338  \\$aonline resource$2rdacarrier
=490  1\$aResearch report ;$v600
=500  \\$aTitle from PDF title page (viewed on 12 March 2009).
=500  \\$aPrepared by Infinite Futures for the Health and Safety Executive.
=504  \\$aIncludes bibliographical references.
=530  \\$aAlso issued in print format.
=538  \\$aMode of access: World Wide Web.
=538  \\$aSystem requirements: Adobe Acrobat Reader.
=610  10$aGreat Britain.$bHealth and Safety Executive.
=650  \0$aIndustrial safety$xGovernment policy$zGreat Britain.
=650  \0$aIndustrial safety$zGreat Britain$xForecasting.
=710  1\$aGreat Britain.$bHealth and Safety Executive.
=710  2\$aInfinite Futures (Firm)
=830  \0$aResearch report (Great Britain. Health and Safety Executive) ;$v600.
=852  41$aBritish Library$bHMNTS$jDigital store
=856  40$uhttp://www.hse.gov.uk/research/rrpdf/rr600.pdf
=985  \\$aCOBSI record
=CAT  \\$aBATCH-SURR$b00$c20091015$lBLL01$h1133
=CAT  \\$aBATCH$b00$c20091015$lBLL01$h1135
=CAT  \\$aBATCH-UPD$b00$c20091015$lBLL01$h1322
=CAT  \\$a12181$b40$c20100127$lBLL01$h1723
=CAT  \\$aW1711-1225$c20171203$lBLL01$h1035
=FIN  \\$aY$d20091015
=FMT  \\$a  BK
=LAS  \\$aW1711-1225$b00$c20171203$lBLL01$h1035
=SRC  \\$aCOBSI$b1bcobsi.lex
=STA  \\$aSUPPRESSED$bunable to determine reason for suppression

