=LDR  02196 am a2200553 a 4500
=001  015393534
=003  Uk
=005  20100127165244.0
=006  m||||||||d||||||||
=007  cr||||||||||||
=008  090312s2008\\\\enk\\\\\sb\\\o000|0\eng|\
=040  \\$aStDuBDS$beng$cStDuBDS
=042  \\$aukblsr
=050  \4$aTN297
=082  04$a622.89$222
=245  00$aEvaluating methods of training of mineworkers for hot inspired air when wearing self-rescuers$h[electronic resource] /$cStaff of Mines Rescue Service Limited in association with A.P. Booth.
=260  \\$aSudbury :$bHSE,$c2008.
=300  \\$a128 p. :$bdigital, PDF file.
=336  \\$atext$2rdacontent
=337  \\$acomputer$2rdamedia
=338  \\$aonline resource$2rdacarrier
=490  1\$aResearch report ;$v603
=500  \\$aTitle from PDF title page (viewed on 12 March 2009).
=500  \\$aPrepared by the Mines Rescue Service Limited in association with RPS Business Healthcare for the Health and Safety Executive.
=504  \\$aIncludes bibliographical references.
=530  \\$aAlso issued in print format.
=538  \\$aMode of access: World Wide Web.
=538  \\$aSystem requirements: Adobe Acrobat Reader.
=650  \0$aSelf-contained self-rescuer (Mine rescue equipment)
=650  \0$aMine safety$xStudy and teaching.
=650  \0$aMiners$xTraining of.
=700  1\$aBooth, A. P.
=710  1\$aGreat Britain.$bHealth and Safety Executive.
=710  2\$aMines Rescue Service Limited.
=710  2\$aRPS Business Healthcare.
=830  \0$aResearch report (Great Britain. Health and Safety Executive) ;$v603.
=852  41$aBritish Library$bHMNTS$jDigital store
=856  40$uhttp://www.hse.gov.uk/research/rrpdf/rr603.pdf
=985  \\$aCOBSI record
=CAT  \\$aBATCH-SURR$b00$c20091015$lBLL01$h1133
=CAT  \\$aBATCH$b00$c20091015$lBLL01$h1135
=CAT  \\$aBATCH-UPD$b00$c20091015$lBLL01$h1322
=CAT  \\$a12181$b40$c20100127$lBLL01$h1652
=CAT  \\$aW1711-1225$c20171203$lBLL01$h1035
=FIN  \\$aY$d20091015
=FMT  \\$a  BK
=LAS  \\$aW1711-1225$b00$c20171203$lBLL01$h1035
=SRC  \\$aCOBSI$b1bcobsi.lex
=STA  \\$aSUPPRESSED$bunable to determine reason for suppression

