=LDR  02213 am a2200553 a 4500
=001  015393536
=003  Uk
=005  20100210183834.0
=006  m||||||||d||||||||
=007  cr||||||||||||
=008  090313s2008\\\\enk\\\\\sb\\\o000|0\eng|\
=040  \\$aStDuBDS$beng$cStDuBDS
=042  \\$aukblsr
=050  \4$aTP756.5
=082  04$a665.7420941$222
=100  1\$aEvans, D. J.$q(David John),$d1959-
=245  13$aAn appraisal of underground gas storage technologies and incidents, for the development of risk assessment methodology$h[electronic resource] /$cD.J. Evans ; with contribution from J.M. West.
=260  \\$aSudbury :$bHSE,$c2008.
=300  \\$a350 p. :$bdigital, PDF file.
=336  \\$atext$2rdacontent
=337  \\$acomputer$2rdamedia
=338  \\$aonline resource$2rdacarrier
=490  1\$aResearch report ;$v605
=500  \\$aTitle from PDF title page (viewed on 13 March 2009).
=500  \\$aPrepared by the British Geological Survey for the Health and Safety Executive.
=504  \\$aIncludes bibliographical references.
=530  \\$aAlso issued in print format.
=538  \\$aMode of access: World Wide Web.
=538  \\$aSystem requirements: Adobe Acrobat Reader.
=650  \0$aNatural gas$xUnderground storage$xRisk assessment$zGreat Britain.
=650  \0$aUnderground storage$xRisk assessment$zGreat Britain.
=700  1\$aWest, Julia M.
=710  1\$aGreat Britain.$bHealth and Safety Executive.
=710  2\$aBritish Geological Survey.
=830  \0$aResearch report (Great Britain. Health and Safety Executive) ;$v605.
=852  41$aBritish Library$bHMNTS$jDigital store
=856  40$uhttp://www.hse.gov.uk/research/rrpdf/rr605.pdf
=985  \\$aCOBSI record
=CAT  \\$aBATCH-SURR$b00$c20091015$lBLL01$h1133
=CAT  \\$aBATCH$b00$c20091015$lBLL01$h1135
=CAT  \\$aBATCH-UPD$b00$c20091015$lBLL01$h1322
=CAT  \\$a12181$b40$c20100127$lBLL01$h1549
=CAT  \\$a12181$b40$c20100210$lBLL01$h1838
=CAT  \\$aW1711-1225$c20171203$lBLL01$h1035
=FIN  \\$aY$d20091015
=FMT  \\$a  BK
=LAS  \\$aW1711-1225$b00$c20171203$lBLL01$h1035
=SRC  \\$aCOBSI$b1bcobsi.lex
=STA  \\$aSUPPRESSED$bunable to determine reason for suppression

