=LDR  02279 am a2200589 a 4500
=001  015393537
=003  Uk
=005  20100203135703.0
=006  m||||||||d||||||||
=007  cr||||||||||||
=008  090313s2008\\\\enk\\\\\sb\\\o000|0\eng|\
=040  \\$aStDuBDS$beng$cStDuBDS
=042  \\$aukblsr
=050  \4$aTP756.5
=082  04$a665.7420941$222
=100  1\$aWatson, S. P.$q(Sarah Penelope)
=245  10$aScoping calculations for releases from potential UK underground gas storage facilities$h[electronic resource] /$cSarah Watson, Richard Metcalfe, Alex Bond.
=260  \\$aSudbury :$bHSE,$c2008.
=300  \\$a82 p. :$bdigital, PDF file.
=336  \\$atext$2rdacontent
=337  \\$acomputer$2rdamedia
=338  \\$aonline resource$2rdacarrier
=490  1\$aResearch report ;$v606
=500  \\$aTitle from PDF title page (viewed on 13 March 2009).
=500  \\$aPrepared by Quintessa for the British Geological Survey for the Health and Safety Executive.
=504  \\$aIncludes bibliographical references.
=530  \\$aAlso issued in print format.
=538  \\$aMode of access: World Wide Web.
=538  \\$aSystem requirements: Adobe Acrobat Reader.
=650  \0$aNatural gas$xUnderground storage$xRisk assessment$zGreat Britain.
=650  \0$aGas leakage.
=700  1\$aMetcalfe, R.$q(Richard).
=700  1\$aBond, Alex,$d1976-
=710  1\$aGreat Britain.$bHealth and Safety Executive.
=710  2\$aQuintessa Limited.
=710  2\$aBritish Geological Survey.
=830  \0$aResearch report (Great Britain. Health and Safety Executive) ;$v606.
=852  41$aBritish Library$bHMNTS$jDigital store
=856  40$uhttp://www.hse.gov.uk/research/rrpdf/rr606.pdf
=985  \\$aCOBSI record
=CAT  \\$aBATCH-SURR$b00$c20091015$lBLL01$h1133
=CAT  \\$aBATCH$b00$c20091015$lBLL01$h1135
=CAT  \\$aBATCH-UPD$b00$c20091015$lBLL01$h1322
=CAT  \\$a12181$b40$c20100127$lBLL01$h1425
=CAT  \\$a12181$b40$c20100203$lBLL01$h1357
=CAT  \\$aW1711-1225$c20171203$lBLL01$h1035
=CAT  \\$aBATCH-UPD$b00$c20171203$lBLL01$h1305
=FIN  \\$aY$d20091015
=FMT  \\$a  BK
=LAS  \\$aBATCH-UPD$b00$c20171203$lBLL01$h1305
=SRC  \\$aCOBSI$b1bcobsi.lex
=STA  \\$aSUPPRESSED$bunable to determine reason for suppression

