=LDR  02324 am a2200577 a 4500
=001  015393538
=003  Uk
=005  20110524113702.0
=006  m||||||||d||||||||
=007  cr||||||||||||
=008  090313s2007\\\\enk\\\\\sb\\\o000|0\eng|\
=040  \\$aStDuBDS$beng$cStDuBDS
=042  \\$aukblsr
=050  \4$aK1830
=082  04$a344.0465$222
=100  1\$aFooks, Gary.
=245  10$aInternational comparison of (a) techniques used by state bodies to obtain compliance with health and safety law and accountability for administrative and criminal offences and (b) sentences for criminal offences$h[electronic resource] /$cGary Fooks, David Bergman, Bethan Rigby.
=260  \\$aSudbury :$bHSE,$c2007.
=300  \\$a580 p. :$bdigital, PDF file.
=336  \\$atext$2rdacontent
=337  \\$acomputer$2rdamedia
=338  \\$aonline resource$2rdacarrier
=490  1\$aResearch report ;$v607
=500  \\$aTitle from PDF title page (viewed on 13 March 2009).
=500  \\$aPrepared by the Centre for Corporate Accountability for the Health and Safety Executive.
=504  \\$aIncludes bibliographical references.
=530  \\$aAlso issued in print format.
=538  \\$aMode of access: World Wide Web.
=538  \\$aSystem requirements: Adobe Acrobat Reader.
=650  \0$aIndustrial safety$xLaw and legislation.
=650  \0$aIndustrial hygiene$xLaw and legislation.
=650  \0$aEmployers' liability.
=700  1\$aBergman, David.
=700  1\$aRigby, Bethan.
=710  1\$aGreat Britain.$bHealth and Safety Executive.
=710  2\$aCentre for Corporate Accountability.
=830  \0$aResearch report (Great Britain. Health and Safety Executive) ;$v607.
=852  41$aBritish Library$bHMNTS$jDigital store
=856  40$uhttp://www.hse.gov.uk/research/rrpdf/rr607.pdf
=985  \\$aCOBSI record
=CAT  \\$aBATCH-SURR$b00$c20091015$lBLL01$h1133
=CAT  \\$aBATCH$b00$c20091015$lBLL01$h1135
=CAT  \\$aBATCH-UPD$b00$c20091015$lBLL01$h1322
=CAT  \\$a12181$b40$c20100120$lBLL01$h1744
=CAT  \\$a7332$b40$c20110524$lBLL01$h1137
=CAT  \\$aW1711-1225$c20171203$lBLL01$h1035
=FIN  \\$aY$d20091015
=FMT  \\$a  BK
=LAS  \\$aW1711-1225$b00$c20171203$lBLL01$h1035
=SRC  \\$aCOBSI$b1bcobsi.lex
=STA  \\$aSUPPRESSED$bunable to determine reason for suppression

