=LDR  02314 am a2200577 a 4500
=001  015393539
=003  Uk
=005  20100113172828.0
=006  m||||||||d||||||||
=007  cr||||||||||||
=008  090313s2008\\\\enk\\\\\sb\\\o000|0\eng|\
=040  \\$aStDuBDS$beng$cStDuBDS
=042  \\$aukblsr
=050  \4$aRA1270.P4
=082  04$a615.9040941$222
=100  10$aRushton, Lesley.
=245  10$aEstimating the prevalence and incidence of pesticide-related illness presented to General Practitioners in Great Britain$h[electronic resource] /$cLesley Rushton, Vera Mann.
=260  \\$aSudbury :$bHSE,$c2008.
=300  \\$a96 p. :$bdigital, PDF file.
=336  \\$atext$2rdacontent
=337  \\$acomputer$2rdamedia
=338  \\$aonline resource$2rdacarrier
=490  1\$aResearch report ;$v608
=500  \\$aTitle from PDF title page (viewed on 13 March 2009).
=500  \\$aPrepared by Imperial College London and the London School of Hygiene and Tropical Medicine for the Health and Safety Executive.
=504  \\$aIncludes bibliographical references.
=530  \\$aAlso issued in print format.
=538  \\$aMode of access: World Wide Web.
=538  \\$aSystem requirements: Adobe Acrobat Reader.
=650  \0$aAccidental poisoning$zGreat Britain.
=650  \0$aPesticides$xToxicology.
=700  1\$aMann, Vera.
=710  1\$aGreat Britain.$bHealth and Safety Executive.
=710  2\$aImperial College of Science, Technology and Medicine.
=710  2\$aLondon School of Hygiene and Tropical Medicine.
=830  \0$aResearch report (Great Britain. Health and Safety Executive) ;$v608.
=852  41$aBritish Library$bHMNTS$jDigital store
=856  40$uhttp://www.hse.gov.uk/research/rrpdf/rr608.pdf
=985  \\$aCOBSI record
=CAT  \\$aBATCH-SURR$b00$c20091015$lBLL01$h1133
=CAT  \\$aBATCH$b00$c20091015$lBLL01$h1135
=CAT  \\$aBATCH-UPD$b00$c20091015$lBLL01$h1153
=CAT  \\$aBATCH-UPD$b00$c20091015$lBLL01$h1322
=CAT  \\$a12181$b40$c20100113$lBLL01$h1728
=CAT  \\$aBATCH-UPD$b40$c20151212$lBLL01$h1724
=CAT  \\$aW1711-1225$c20171203$lBLL01$h1035
=FIN  \\$aY$d20091015
=FMT  \\$a  BK
=LAS  \\$aW1711-1225$b00$c20171203$lBLL01$h1035
=SRC  \\$aCOBSI$b1bcobsi.lex
=STA  \\$aSUPPRESSED$bunable to determine reason for suppression

