=LDR  01963 am a2200529 a 4500
=001  015393541
=003  Uk
=005  20171203103500.0
=006  m||||||||d||||||||
=007  cr||||||||||||
=008  090313s2008\\\\enk\\\\\sb\\\o000|0\eng|\
=040  \\$aStDuBDS$beng$cStDuBDS
=042  \\$aukblsr
=050  \4$aHF5548.85
=082  04$a158.72$222
=245  04$aThe nature, causes and consequences of harm in emotionally-demanding occupations$h[electronic resource] /$cRob B. Briner ... [et al.].
=260  \\$aSudbury :$bHSE,$c2008.
=300  \\$a150 p. :$bdigital, PDF file.
=336  \\$atext$2rdacontent
=337  \\$acomputer$2rdamedia
=338  \\$aonline resource$2rdacarrier
=490  1\$aResearch report ;$v610
=500  \\$aTitle from PDF title page (viewed on 13 March 2009).
=500  \\$aPrepared by Birkbeck College University of London for the Health and Safety Executive.
=504  \\$aIncludes bibliographical references.
=530  \\$aAlso issued in print format.
=538  \\$aMode of access: World Wide Web.
=538  \\$aSystem requirements: Adobe Acrobat Reader.
=650  \0$aBurn out (Psychology)
=650  \0$aJob stress.
=650  \0$aWork$xPsychological aspects.
=700  1\$aBriner, Rob B.
=710  1\$aGreat Britain.$bHealth and Safety Executive.
=710  2\$aBirkbeck College.
=830  \0$aResearch report (Great Britain. Health and Safety Executive) ;$v610.
=852  41$aBritish Library$bHMNTS$jDigital store
=856  40$uhttp://www.hse.gov.uk/research/rrpdf/rr610.pdf
=985  \\$aCOBSI record
=CAT  \\$aBATCH-SURR$b00$c20091015$lBLL01$h1133
=CAT  \\$aBATCH$b00$c20091015$lBLL01$h1135
=CAT  \\$aBATCH-UPD$b00$c20091015$lBLL01$h1322
=CAT  \\$aW1711-1225$c20171203$lBLL01$h1035
=FIN  \\$aY$d20091015
=FMT  \\$a  BK
=LAS  \\$aW1711-1225$b00$c20171203$lBLL01$h1035
=SRC  \\$aCOBSI$b1bcobsi.lex
=STA  \\$aSUPPRESSED$bunable to determine reason for suppression

