=LDR  02095 am a2200553 a 4500
=001  015393544
=003  Uk
=005  20171203130500.0
=006  m||||||||d||||||||
=007  cr||||||||||||
=008  090313s2008\\\\enk\\\\\sb\\\o000|0\eng|\
=040  \\$aStDuBDS$beng$cStDuBDS
=042  \\$aukblsr
=050  \4$aHD7269.M795
=082  04$a363.119629283$222
=100  10$aDarby, A. M.
=245  10$aWhole-body vibration and ergonomics toolkit.$nPhase 2,$pPort vehicles$h[electronic resource] /$cA.M. Darby, P.M. Pitts.
=260  \\$aSudbury :$bHSE,$c2008.
=300  \\$a90 p. :$bdigital, PDF file.
=336  \\$atext$2rdacontent
=337  \\$acomputer$2rdamedia
=338  \\$aonline resource$2rdacarrier
=490  1\$aResearch report ;$v613
=500  \\$aTitle from PDF title page (viewed on 13 March 2009).
=500  \\$aPrepared by the Health and Safety Laboratory for the Health and Safety Executive.
=504  \\$aIncludes bibliographical references.
=530  \\$aAlso issued in print format.
=538  \\$aMode of access: World Wide Web.
=538  \\$aSystem requirements: Adobe Acrobat Reader.
=650  \0$aMotor vehicles$xVibration.
=650  \0$aBackache$xRisk factors.
=650  \0$aVibration$xMeasurement.
=650  \0$aMotor vehicle driving$xHealth aspects.
=710  1\$aGreat Britain.$bHealth and Safety Executive.
=710  2\$aHealth and Safety Laboratory (Great Britain)
=830  \0$aResearch report (Great Britain. Health and Safety Executive) ;$v613.
=852  41$aBritish Library$bHMNTS$jDigital store
=856  40$uhttp://www.hse.gov.uk/research/rrpdf/rr613.pdf
=985  \\$aCOBSI record
=CAT  \\$aBATCH-SURR$b00$c20091015$lBLL01$h1133
=CAT  \\$aBATCH$b00$c20091015$lBLL01$h1135
=CAT  \\$aBATCH-UPD$b00$c20091015$lBLL01$h1322
=CAT  \\$aW1711-1225$c20171203$lBLL01$h1035
=CAT  \\$aBATCH-UPD$b00$c20171203$lBLL01$h1305
=FIN  \\$aY$d20091015
=FMT  \\$a  BK
=LAS  \\$aBATCH-UPD$b00$c20171203$lBLL01$h1305
=SRC  \\$aCOBSI$b1bcobsi.lex
=STA  \\$aSUPPRESSED$bunable to determine reason for suppression

