=LDR  02113 am a2200565 a 4500
=001  015393545
=003  Uk
=005  20100203143653.0
=006  m||||||||d||||||||
=007  cr||||||||||||
=008  090314s2008\\\\enk\\\\\sb\\\o000|0\eng|\
=040  \\$aStDuBDS$beng$cStDuBDS
=042  \\$aukblsr
=050  \4$aTL230
=082  04$a629.224$222
=100  1\$aWatson, Ian,$d1982-
=245  10$aArticulated dumper truck rollover$h[electronic resource] /$cIan Watson, Alasdair Wylie.
=260  \\$aSudbury :$bHSE,$c2008.
=300  \\$a102 p. :$bdigital, PDF file.
=336  \\$atext$2rdacontent
=337  \\$acomputer$2rdamedia
=338  \\$aonline resource$2rdacarrier
=490  1\$aResearch report ;$v614
=500  \\$aTitle from PDF title page (viewed on 14 March 2009).
=500  \\$aPrepared by Frazer-Nash Consultancy Limited for the Health and Safety Executive.
=504  \\$aIncludes bibliographical references.
=530  \\$aAlso issued in print format.
=538  \\$aMode of access: World Wide Web.
=538  \\$aSystem requirements: Adobe Acrobat Reader.
=650  \0$aDump trucks$xStability.
=650  \0$aRollover vehicle accidents$xComputer simulation.
=650  \0$aDump trucks$xStability$xComputer simulation.
=700  1\$aWylie, Alasdair.
=710  1\$aGreat Britain.$bHealth and Safety Executive.
=710  2\$aFrazer-Nash Consultancy Limited.
=830  \0$aResearch report (Great Britain. Health and Safety Executive) ;$v614.
=852  41$aBritish Library$bHMNTS$jDigital store
=856  40$uhttp://www.hse.gov.uk/research/rrpdf/rr614.pdf
=985  \\$aCOBSI record
=CAT  \\$aBATCH-SURR$b00$c20091015$lBLL01$h1133
=CAT  \\$aBATCH$b00$c20091015$lBLL01$h1135
=CAT  \\$aBATCH-UPD$b00$c20091015$lBLL01$h1322
=CAT  \\$a12181$b40$c20100120$lBLL01$h1647
=CAT  \\$a12181$b40$c20100203$lBLL01$h1436
=CAT  \\$aW1711-1225$c20171203$lBLL01$h1035
=FIN  \\$aY$d20091015
=FMT  \\$a  BK
=LAS  \\$aW1711-1225$b00$c20171203$lBLL01$h1035
=SRC  \\$aCOBSI$b1bcobsi.lex
=STA  \\$aSUPPRESSED$bunable to determine reason for suppression

