=LDR  01948 am a2200529 a 4500
=001  015393548
=003  Uk
=005  20100113164512.0
=006  m||||||||d||||||||
=007  cr||||||||||||
=008  090314s2008\\\\enk\\\\\sb\\\o000|0\eng|\
=040  \\$aStDuBDS$beng$cStDuBDS
=042  \\$aukblsr
=050  \4$aTA417.4
=082  04$a620.11274$222
=100  1\$aMcGrath, Bernard.
=245  10$aProgramme for the assessment of NDT in industry$h[electronic resource] :$bPANI 3 /$cBernard McGrath.
=260  \\$aSudbury :$bHSE,$c2008.
=300  \\$a199 p. :$bdigital, PDF file.
=336  \\$atext$2rdacontent
=337  \\$acomputer$2rdamedia
=338  \\$aonline resource$2rdacarrier
=490  1\$aResearch report ;$v617
=500  \\$aTitle from PDF title page (viewed on 14 March 2009).
=500  \\$aPrepared by Serco Assurance for the Health and Safety Executive.
=504  \\$aIncludes bibliographical references.
=530  \\$aAlso issued in print format.
=538  \\$aMode of access: World Wide Web.
=538  \\$aSystem requirements: Adobe Acrobat Reader.
=650  \0$aNondestructive testing$xEvaluation.
=650  \0$aUltrasonic testing$xEvaluation.
=710  1\$aGreat Britain.$bHealth and Safety Executive.
=710  2\$aSerco Assurance.
=830  \0$aResearch report (Great Britain. Health and Safety Executive) ;$v617.
=852  41$aBritish Library$bHMNTS$jDigital store
=856  40$uhttp://www.hse.gov.uk/research/rrpdf/rr617.pdf
=985  \\$aCOBSI record
=CAT  \\$aBATCH-SURR$b00$c20091015$lBLL01$h1133
=CAT  \\$aBATCH$b00$c20091015$lBLL01$h1135
=CAT  \\$aBATCH-UPD$b00$c20091015$lBLL01$h1322
=CAT  \\$a12181$b40$c20100113$lBLL01$h1645
=CAT  \\$aW1711-1225$c20171203$lBLL01$h1035
=FIN  \\$aY$d20091015
=FMT  \\$a  BK
=LAS  \\$aW1711-1225$b00$c20171203$lBLL01$h1035
=SRC  \\$aCOBSI$b1bcobsi.lex
=STA  \\$aSUPPRESSED$bunable to determine reason for suppression

