=LDR  02145 am a2200541 a 4500
=001  015393550
=003  Uk
=005  20100113162347.0
=006  m||||||||d||||||||
=007  cr||||||||||||
=008  090316s2008\\\\enk\\\\\sb\\\o000|0\eng|\
=040  \\$aStDuBDS$beng$cStDuBDS
=042  \\$aukblsr
=050  \4$aRA644.I6
=082  04$a614.518$222
=245  00$aEvaluating the protection afforded by surgical masks against influenza bioaerosols$h[electronic resource] :$bgross protection of surgical masks compared to filtering facepiece respirators /$cJonathan Gawn ... [et al.].
=260  \\$aSudbury :$bHSE,$c2008.
=300  \\$a46 p. :$bdigital, PDF file.
=336  \\$atext$2rdacontent
=337  \\$acomputer$2rdamedia
=338  \\$aonline resource$2rdacarrier
=490  1\$aResearch report ;$v619
=500  \\$aTitle from PDF title page (viewed on 16 March 2009).
=500  \\$aPrepared by the Health and Safety Laboratory for the Health and Safety Executive.
=504  \\$aIncludes bibliographical references.
=530  \\$aAlso issued in print format.
=538  \\$aMode of access: World Wide Web.
=538  \\$aSystem requirements: Adobe Acrobat Reader.
=650  \0$aProtective clothing$xEvaluation.
=650  \0$aAirborne infection$xPrevention.
=650  \0$aInfluenza$xTransmission.
=700  1\$aGawn, Jonathan.
=710  1\$aGreat Britain.$bHealth and Safety Executive.
=710  2\$aHealth and Safety Laboratory (Great Britain)
=830  \0$aResearch report (Great Britain. Health and Safety Executive) ;$v619.
=852  41$aBritish Library$bHMNTS$jDigital store
=856  40$uhttp://www.hse.gov.uk/research/rrpdf/rr619.pdf
=985  \\$aCOBSI record
=CAT  \\$aBATCH-SURR$b00$c20091015$lBLL01$h1133
=CAT  \\$aBATCH$b00$c20091015$lBLL01$h1135
=CAT  \\$aBATCH-UPD$b00$c20091015$lBLL01$h1322
=CAT  \\$a12181$b40$c20100113$lBLL01$h1623
=CAT  \\$aW1711-1225$c20171203$lBLL01$h1035
=FIN  \\$aY$d20091015
=FMT  \\$a  BK
=LAS  \\$aW1711-1225$b00$c20171203$lBLL01$h1035
=SRC  \\$aCOBSI$b1bcobsi.lex
=STA  \\$aSUPPRESSED$bunable to determine reason for suppression

