=LDR  01876 am a2200517 a 4500
=001  015393552
=003  Uk
=005  20091229100947.0
=006  m||||||||d||||||||
=007  cr||||||||||||
=008  090316s2008\\\\enk\\\\\s\\\\o000|0\eng|\
=040  \\$aStDuBDS$beng$cStDuBDS
=042  \\$aukblsr
=050  \4$aG2807.N55C75
=082  04$a551.463130223$222
=100  1\$aWilliams, Martin O.
=245  10$aWave mapping in UK waters$h[electronic resource] :$bsupporting document /$cMartin O. Williams.
=260  \\$aSudbury :$bHSE,$c2008.
=300  \\$a38 p. :$bdigital, PDF file.
=336  \\$atext$2rdacontent
=337  \\$acomputer$2rdamedia
=338  \\$aonline resource$2rdacarrier
=490  1\$aResearch report ;$v621
=500  \\$aTitle from PDF title page (viewed on 16 March 2009).
=500  \\$aPrepared by PhysE Limited for the Health and Safety Executive.
=530  \\$aAlso issued in print format.
=538  \\$aMode of access: World Wide Web.
=538  \\$aSystem requirements: Adobe Acrobat Reader.
=650  \0$aOcean waves$zNorth Atlantic Ocean$vMaps.
=650  \0$aRogue waves.
=710  1\$aGreat Britain.$bHealth and Safety Executive.
=710  2\$aPhysE Ltd.
=830  \0$aResearch report (Great Britain. Health and Safety Executive) ;$v621.
=852  41$aBritish Library$bHMNTS$jDigital store
=856  40$uhttp://www.hse.gov.uk/research/rrpdf/rr621.pdf
=985  \\$aCOBSI record
=CAT  \\$aBATCH-SURR$b00$c20091015$lBLL01$h1133
=CAT  \\$aBATCH$b00$c20091015$lBLL01$h1135
=CAT  \\$aBATCH-UPD$b00$c20091015$lBLL01$h1322
=CAT  \\$a7332$b40$c20091229$lBLL01$h1009
=CAT  \\$aW1711-1225$c20171203$lBLL01$h1035
=FIN  \\$aY$d20091015
=FMT  \\$a  BK
=LAS  \\$aW1711-1225$b00$c20171203$lBLL01$h1035
=SRC  \\$aCOBSI$b1bcobsi.lex
=STA  \\$aSUPPRESSED$bunable to determine reason for suppression

