=LDR  02080 am a2200529 a 4500
=001  015393557
=003  Uk
=005  20171203103500.0
=006  m||||||||d||||||||
=007  cr||||||||||||
=008  090316s2008\\\\enk\\\\\sb\\\o000|0\eng|\
=040  \\$aStDuBDS$beng$cStDuBDS
=042  \\$aukblsr
=050  \4$aTA166
=082  04$a620.82072$222
=100  1\$aPinder, Andrew D. J.
=245  10$aFeasibility of carrying out an ergonomics intervention study to prevent the incidence of musculoskeletal disorders$h[electronic resource] /$cAndrew D.J. Pinder & Johannah F. Wegerdt.
=260  \\$aSudbury :$bHSE,$c2008.
=300  \\$a104 p. :$bdigital, PDF file.
=336  \\$atext$2rdacontent
=337  \\$acomputer$2rdamedia
=338  \\$aonline resource$2rdacarrier
=490  1\$aResearch report ;$v626
=500  \\$aTitle from PDF title page (viewed on 16 March 2009).
=500  \\$aPrepared by the Health and Safety Laboratory for the Health and Safety Executive.
=504  \\$aIncludes bibliographical references.
=530  \\$aAlso issued in print format.
=538  \\$aMode of access: World Wide Web.
=538  \\$aSystem requirements: Adobe Acrobat Reader.
=650  \0$aMusculoskeletal system$xWounds and injuries$xPrevention.
=650  \0$aHuman engineering$xResearch.
=700  1\$aWegerdt, Johannah.
=710  1\$aGreat Britain.$bHealth and Safety Executive.
=710  2\$aHealth and Safety Laboratory (Great Britain)
=830  \0$aResearch report (Great Britain. Health and Safety Executive) ;$v626.
=852  41$aBritish Library$bHMNTS$jDigital store
=856  40$uhttp://www.hse.gov.uk/research/rrpdf/rr626.pdf
=985  \\$aCOBSI record
=CAT  \\$aBATCH-SURR$b00$c20091015$lBLL01$h1133
=CAT  \\$aBATCH$b00$c20091015$lBLL01$h1135
=CAT  \\$aBATCH-UPD$b00$c20091015$lBLL01$h1322
=CAT  \\$aW1711-1225$c20171203$lBLL01$h1035
=FIN  \\$aY$d20091015
=FMT  \\$a  BK
=LAS  \\$aW1711-1225$b00$c20171203$lBLL01$h1035
=SRC  \\$aCOBSI$b1bcobsi.lex
=STA  \\$aSUPPRESSED$bunable to determine reason for suppression

