=LDR  02089 am a2200553 a 4500
=001  015393560
=003  Uk
=005  20100112142517.0
=006  m||||||||d||||||||
=007  cr||||||||||||
=008  090316s2008\\\\enk\\\\\sb\\\o000|0\eng|\
=040  \\$aStDuBDS$beng$cStDuBDS
=042  \\$aukblsr
=050  \4$aQA930
=082  04$a533.61$222
=100  1\$aTickle, G. A.
=245  10$aExtension of the dense gas dispersion model DRIFT to include buoyant lift-off and buoyant rise$h[electronic resource] /$cG.A. Tickle, J.E. Carlisle.
=260  \\$aSudbury :$bHSE,$c2008.
=300  \\$a84 p. :$bdigital, PDF file.
=336  \\$atext$2rdacontent
=337  \\$acomputer$2rdamedia
=338  \\$aonline resource$2rdacarrier
=490  1\$aResearch report ;$v629
=500  \\$aTitle from PDF title page (viewed on 16 March 2009).
=500  \\$aPrepared by ESR Technology Limited for the Health and Safety Executive.
=504  \\$aIncludes bibliographical references.
=530  \\$aAlso issued in print format.
=538  \\$aMode of access: World Wide Web.
=538  \\$aSystem requirements: Adobe Acrobat Reader.
=650  \0$aGas dynamics$xMathematical models.
=650  \0$aBuoyant convection$xMathematical models.
=700  1\$aCarlisle, J. E.
=710  1\$aGreat Britain.$bHealth and Safety Executive.
=710  2\$aESR Technology Limited.
=830  \0$aResearch report (Great Britain. Health and Safety Executive) ;$v629.
=852  41$aBritish Library$bHMNTS$jDigital store
=856  40$uhttp://www.hse.gov.uk/research/rrpdf/rr629.pdf
=985  \\$aCOBSI record
=CAT  \\$aBATCH-SURR$b00$c20091015$lBLL01$h1133
=CAT  \\$aBATCH$b00$c20091015$lBLL01$h1135
=CAT  \\$aBATCH-UPD$b00$c20091015$lBLL01$h1322
=CAT  \\$a12181$b40$c20100112$lBLL01$h1312
=CAT  \\$a12181$b40$c20100112$lBLL01$h1425
=CAT  \\$aW1711-1225$c20171203$lBLL01$h1035
=FIN  \\$aY$d20091015
=FMT  \\$a  BK
=LAS  \\$aW1711-1225$b00$c20171203$lBLL01$h1035
=SRC  \\$aCOBSI$b1bcobsi.lex
=STA  \\$aSUPPRESSED$bunable to determine reason for suppression

