=LDR  02541 am a2200613 a 4500
=001  015393562
=003  Uk
=005  20171203103500.0
=006  m||||||||d||||||||
=007  cr||||||||||||
=008  090317s2008\\\\enk\\\\\sb\\\o000|0\eng|\
=040  \\$aStDuBDS$beng$cStDuBDS
=042  \\$aukblsr
=050  \4$aTH9537
=082  04$a363.370683$222
=100  1\$aPenfold, Clarissa.
=245  10$aAttendance management in the Fire and Rescue Service$h[electronic resource] :$bmanaging sickness absence and managing and supporting attendance /$cClarissa Penfold, Jane Lewis & Rosalind Tennant.
=260  \\$aSudbury :$bHSE,$c2008.
=300  \\$a92 p. :$bdigital, PDF file.
=336  \\$atext$2rdacontent
=337  \\$acomputer$2rdamedia
=338  \\$aonline resource$2rdacarrier
=490  1\$aResearch report ;$v632
=500  \\$aTitle from PDF title page (viewed on 17 March 2009).
=500  \\$aPrepared by the National Centre for Social Research (NatCen) for the Health and Safety Executive and Communities and Local Government (CLG).
=504  \\$aIncludes bibliographical references.
=530  \\$aAlso issued in print format.
=538  \\$aMode of access: World Wide Web.
=538  \\$aSystem requirements: Adobe Acrobat Reader.
=610  10$aGreat Britain.$bFire Department$xPersonnel management.
=650  \0$aAbsenteeism (Labor)$zGreat Britain.
=650  \0$aFire departments$zGreat Britain$xPersonnel management.
=650  \0$aSick leave$zGreat Britain.
=700  1\$aLewis, Jane,$d1962-
=700  1\$aTennant, Rosalind.
=710  1\$aGreat Britain.$bDepartment for Communities and Local Government.
=710  1\$aGreat Britain.$bHealth and Safety Executive.
=710  2\$aNational Centre for Social Research (Great Britain)
=830  \0$aResearch report (Great Britain. Health and Safety Executive) ;$v632.
=852  41$aBritish Library$bHMNTS$jDigital store
=856  40$uhttp://www.hse.gov.uk/research/rrpdf/rr632.pdf
=985  \\$aCOBSI record
=985  \\$aRecord amended for WR# 13/070
=CAT  \\$aBATCH-SURR$b00$c20091015$lBLL01$h1133
=CAT  \\$aBATCH$b00$c20091015$lBLL01$h1135
=CAT  \\$aBATCH-UPD$b00$c20091015$lBLL01$h1322
=CAT  \\$aWR13_070$b00$c20130504$lBLL01$h0321
=CAT  \\$aWR13_070C$c20130611$lBLL01$h1856
=CAT  \\$aW1711-1225$c20171203$lBLL01$h1035
=FIN  \\$aY$d20091015
=FMT  \\$a  BK
=LAS  \\$aW1711-1225$b00$c20171203$lBLL01$h1035
=SRC  \\$aCOBSI$b1bcobsi.lex
=STA  \\$aSUPPRESSED$bunable to determine reason for suppression

