=LDR  02437 am a2200601 a 4500
=001  015393563
=003  Uk
=005  20151030073757.0
=006  m||||||||d||||||||
=007  cr||||||||||||
=008  090317s2008\\\\enk\\\\\sb\\\o000|0\eng|\
=040  \\$aStDuBDS$beng$cStDuBDS
=042  \\$aukblsr
=050  \4$aHF5548.85
=082  04$a658.382$222
=100  1\$aYarker, Joanna.
=245  10$aManagement competencies for preventing and reducing stress at work$h[electronic resource] :$bidentifying and developing the management behaviours necessary to implement the HSE management standards.$pPhase 2 /$cJoanna Yarker, Rachel Lewis, Emma Donaldson-Feilder.
=260  \\$aSudbury :$bHSE,$c2008.
=300  \\$a108 p. :$bdigital, PDF file.
=336  \\$atext$2rdacontent
=337  \\$acomputer$2rdamedia
=338  \\$aonline resource$2rdacarrier
=490  1\$aResearch report ;$v633
=500  \\$aTitle from PDF title page (viewed on 17 March 2009).
=500  \\$aPrepared by Goldsmiths, University of London for the Health and Safety Executive.
=504  \\$aIncludes bibliographical references.
=530  \\$aAlso issued in print format.
=538  \\$aMode of access: World Wide Web.
=538  \\$aSystem requirements: Adobe Acrobat Reader.
=650  \0$aJob stress$xPrevention$xManagement.
=650  \0$aJob stress$xPrevention$xManagement$xEvaluation.
=700  1\$aLewis, Rachel,$d1973-
=700  1\$aDonaldson-Feilder, Emma.
=710  1\$aGreat Britain.$bHealth and Safety Executive.
=710  2\$aGoldsmiths, University of London.
=830  \0$aResearch report (Great Britain. Health and Safety Executive) ;$v633.
=852  41$aBritish Library$bHMNTS$jDigital store
=856  40$uhttp://www.hse.gov.uk/research/rrpdf/rr633.pdf
=985  \\$aCOBSI record
=CAT  \\$aBATCH-SURR$b00$c20091015$lBLL01$h1133
=CAT  \\$aBATCH$b00$c20091015$lBLL01$h1135
=CAT  \\$aBATCH-UPD$b00$c20091015$lBLL01$h1155
=CAT  \\$aBATCH-UPD$b00$c20091015$lBLL01$h1322
=CAT  \\$a12181$b40$c20100112$lBLL01$h1243
=CAT  \\$a12181$b40$c20100112$lBLL01$h1428
=CAT  \\$a12181$b40$c20100203$lBLL01$h1422
=CAT  \\$a8871$b40$c20151030$lBLL01$h0737
=CAT  \\$aW1711-1225$c20171203$lBLL01$h1035
=FIN  \\$aY$d20091015
=FMT  \\$a  BK
=LAS  \\$aW1711-1225$b00$c20171203$lBLL01$h1035
=SRC  \\$aCOBSI$b1bcobsi.lex
=STA  \\$aSUPPRESSED$bunable to determine reason for suppression

