=LDR  02075 am a2200529 a 4500
=001  015393564
=003  Uk
=005  20100112113035.0
=006  m||||||||d||||||||
=007  cr||||||||||||
=008  090317s2008\\\\enk\\\\\s\\\\o000|0\eng|\
=040  \\$aStDuBDS$beng$cStDuBDS
=042  \\$aukblsr
=050  \4$aRA1247.C2
=082  04$a615.91$222
=100  1\$aDhanjal, A. S.
=245  12$aA review of carbon monoxide incident information for 2005/06, produced from the full investigation of incidents which had resulted from the use of piped natural gas and LPG, within Great Britain$h[electronic resource] /$cA.S. Dhanjal.
=260  \\$aSudbury :$bHSE,$c2008.
=300  \\$a84 p. :$bdigital, PDF file.
=336  \\$atext$2rdacontent
=337  \\$acomputer$2rdamedia
=338  \\$aonline resource$2rdacarrier
=490  1\$aResearch report ;$v634
=500  \\$aTitle from PDF title page (viewed on 17 March 2009).
=500  \\$aPrepared by Advantica for the Health and Safety Executive.
=530  \\$aAlso issued in print format.
=538  \\$aMode of access: World Wide Web.
=538  \\$aSystem requirements: Adobe Acrobat Reader.
=650  \0$aCarbon monoxide$xToxicology.
=650  \0$aHome accidents$xInvestigation$zGreat Britain.
=650  \0$aCarbon monoxide$xSafety measures.
=710  1\$aGreat Britain.$bHealth and Safety Executive.
=710  2\$aAdvantica (Firm)
=830  \0$aResearch report (Great Britain. Health and Safety Executive) ;$v634.
=852  41$aBritish Library$bHMNTS$jDigital store
=856  40$uhttp://www.hse.gov.uk/research/rrpdf/rr634.pdf
=985  \\$aCOBSI record
=CAT  \\$aBATCH-SURR$b00$c20091015$lBLL01$h1133
=CAT  \\$aBATCH$b00$c20091015$lBLL01$h1135
=CAT  \\$aBATCH-UPD$b00$c20091015$lBLL01$h1322
=CAT  \\$a12181$b40$c20100112$lBLL01$h1130
=CAT  \\$aW1711-1225$c20171203$lBLL01$h1035
=FIN  \\$aY$d20091015
=FMT  \\$a  BK
=LAS  \\$aW1711-1225$b00$c20171203$lBLL01$h1035
=SRC  \\$aCOBSI$b1bcobsi.lex
=STA  \\$aSUPPRESSED$bunable to determine reason for suppression

