=LDR  02090 am a2200541 a 4500
=001  015393567
=003  Uk
=005  20100112112133.0
=006  m||||||||d||||||||
=007  cr||||||||||||
=008  090317s2008\\\\enk\\\\\sb\\\o000|0\eng|\
=040  \\$aStDuBDS$beng$cStDuBDS
=042  \\$aukblsr
=050  \4$aHD7269.O34
=082  04$a363.11962233819$222
=100  1\$aTrbojevic, Vladimir.
=245  10$aOptimising hazard management by workforce engagement and supervision$h[electronic resource] /$cVladimir M. Trbojevic.
=260  \\$aSudbury :$bHSE,$c2008.
=300  \\$a92 p. :$bdigital, PDF file.
=336  \\$atext$2rdacontent
=337  \\$acomputer$2rdamedia
=338  \\$aonline resource$2rdacarrier
=490  1\$aResearch report ;$v637
=500  \\$aTitle from PDF title page (viewed on 17 March 2009).
=500  \\$aPrepared by Risk Support Limited for the Health and Safety Executive.
=504  \\$aIncludes bibliographical references.
=530  \\$aAlso issued in print format.
=538  \\$aMode of access: World Wide Web.
=538  \\$aSystem requirements: Adobe Acrobat Reader.
=650  \0$aOffshore oil industry$xEmployees$xHealth and hygiene$zGreat Britain.
=650  \0$aOffshore oil industry$xSafety measures.
=650  \0$aOffshore oil industry$xEmployees$xTraining of.
=710  1\$aGreat Britain.$bHealth and Safety Executive.
=710  2\$aRisk Support Limited.
=830  \0$aResearch report (Great Britain. Health and Safety Executive) ;$v637.
=852  41$aBritish Library$bHMNTS$jDigital store
=856  40$uhttp://www.hse.gov.uk/research/rrpdf/rr637.pdf
=985  \\$aCOBSI record
=CAT  \\$aBATCH-SURR$b00$c20091015$lBLL01$h1133
=CAT  \\$aBATCH$b00$c20091015$lBLL01$h1135
=CAT  \\$aBATCH-UPD$b00$c20091015$lBLL01$h1322
=CAT  \\$a12181$b40$c20100112$lBLL01$h1121
=CAT  \\$aW1711-1225$c20171203$lBLL01$h1035
=FIN  \\$aY$d20091015
=FMT  \\$a  BK
=LAS  \\$aW1711-1225$b00$c20171203$lBLL01$h1035
=SRC  \\$aCOBSI$b1bcobsi.lex
=STA  \\$aSUPPRESSED$bunable to determine reason for suppression

