=LDR  02023 am a2200517 a 4500
=001  015393568
=003  Uk
=005  20171203103500.0
=006  m||||||||d||||||||
=007  cr||||||||||||
=008  090317s2008\\\\enk\\\\\sb\\\o000|0\eng|\
=040  \\$aStDuBDS$beng$cStDuBDS
=042  \\$aukblsr
=050  \4$aKD3168
=082  04$a344.410465$222
=100  1\$aAmodu, Tola.
=245  14$aThe determinants of compliance with laws and regulations with special reference to health and safety$h[electronic resource] :$ba literature review /$cTola Amodu.
=260  \\$aSudbury :$bHSE,$c2008.
=300  \\$a58 p. :$bdigital, PDF file.
=336  \\$atext$2rdacontent
=337  \\$acomputer$2rdamedia
=338  \\$aonline resource$2rdacarrier
=490  1\$aResearch report ;$v638
=500  \\$aTitle from PDF title page (viewed on 17 March 2009).
=500  \\$aPrepared by the London School of Economics and Political Science for the Health and Safety Executive.
=504  \\$aIncludes bibliographical references.
=530  \\$aAlso issued in print format.
=538  \\$aMode of access: World Wide Web.
=538  \\$aSystem requirements: Adobe Acrobat Reader.
=650  \0$aIndustrial safety$xLaw and legislation$zGreat Britain.
=650  \0$aCompliance.
=710  1\$aGreat Britain.$bHealth and Safety Executive.
=710  2\$aLondon School of Economics and Political Science.
=830  \0$aResearch report (Great Britain. Health and Safety Executive) ;$v638.
=852  41$aBritish Library$bHMNTS$jDigital store
=856  40$uhttp://www.hse.gov.uk/research/rrpdf/rr638.pdf
=985  \\$aCOBSI record
=CAT  \\$aBATCH-SURR$b00$c20091015$lBLL01$h1133
=CAT  \\$aBATCH$b00$c20091015$lBLL01$h1135
=CAT  \\$aBATCH-UPD$b00$c20091015$lBLL01$h1322
=CAT  \\$aW1711-1225$c20171203$lBLL01$h1035
=FIN  \\$aY$d20091015
=FMT  \\$a  BK
=LAS  \\$aW1711-1225$b00$c20171203$lBLL01$h1035
=SRC  \\$aCOBSI$b1bcobsi.lex
=STA  \\$aSUPPRESSED$bunable to determine reason for suppression

