=LDR  02115 am a2200541 a 4500
=001  015393569
=003  Uk
=005  20100112110412.0
=006  m||||||||d||||||||
=007  cr||||||||||||
=008  090317s2008\\\\enk\\\\\sb\\\o000|0\eng|\
=040  \\$aStDuBDS$beng$cStDuBDS
=042  \\$aukblsr
=050  \4$aHD7262.5.G7
=082  04$a363.110941$222
=245  03$aAn empirical analysis of the effect of health on aggregate income and individual labour market outcomes in the UK$h[electronic resource] /$cMichael Ridge ... [et al.].
=260  \\$aSudbury :$bHSE,$c2008.
=300  \\$a66 p. :$bdigital, PDF file.
=336  \\$atext$2rdacontent
=337  \\$acomputer$2rdamedia
=338  \\$aonline resource$2rdacarrier
=490  1\$aResearch report ;$v639
=500  \\$aTitle from PDF title page (viewed on 17 March 2009).
=500  \\$aPrepared by Frontier Economics Limited for the Health and Safety Executive.
=504  \\$aIncludes bibliographical references.
=530  \\$aAlso issued in print format.
=538  \\$aMode of access: World Wide Web.
=538  \\$aSystem requirements: Adobe Acrobat Reader.
=650  \0$aOccupational diseases$xEconomic aspects$zGreat Britain.
=650  \0$aIndustrial accidents$xEconomic aspects$zGreat Britain.
=650  \0$aMedical economics.
=700  1\$aRidge, Michael.
=710  1\$aGreat Britain.$bHealth and Safety Executive.
=710  2\$aFrontier Economics (Firm)
=830  \0$aResearch report (Great Britain. Health and Safety Executive) ;$v639.
=852  41$aBritish Library$bHMNTS$jDigital store
=856  40$uhttp://www.hse.gov.uk/research/rrpdf/rr639.pdf
=985  \\$aCOBSI record
=CAT  \\$aBATCH-SURR$b00$c20091015$lBLL01$h1133
=CAT  \\$aBATCH$b00$c20091015$lBLL01$h1135
=CAT  \\$aBATCH-UPD$b00$c20091015$lBLL01$h1322
=CAT  \\$a12181$b40$c20100112$lBLL01$h1104
=CAT  \\$aW1711-1225$c20171203$lBLL01$h1035
=FIN  \\$aY$d20091015
=FMT  \\$a  BK
=LAS  \\$aW1711-1225$b00$c20171203$lBLL01$h1035
=SRC  \\$aCOBSI$b1bcobsi.lex
=STA  \\$aSUPPRESSED$bunable to determine reason for suppression

