=LDR  02082 am a2200541 a 4500
=001  015393572
=003  Uk
=005  20091223155546.0
=006  m||||||||d||||||||
=007  cr||||||||||||
=008  090318s2008\\\\enk\\\\\sb\\\o000|0\eng|\
=040  \\$aStDuBDS$beng$cStDuBDS
=042  \\$aukblsr
=050  \4$aTA646
=082  04$a624.171$222
=100  10$aBaker, Michael J.$q(Michael John),$d1940-
=245  10$aImproved generic strategies and methods for reliability-based structural integrity assessment$h[electronic resource] :$bsummary report /$cMichael Baker.
=260  \\$aSudbury :$bHSE,$c2008.
=300  \\$a58 p. :$bdigital, PDF file.
=336  \\$atext$2rdacontent
=337  \\$acomputer$2rdamedia
=338  \\$aonline resource$2rdacarrier
=490  1\$aResearch report ;$v642
=500  \\$aTitle from PDF title page (viewed on 18 March 2009).
=500  \\$aPrepared by the University of Aberdeen for the Health and Safety Executive.
=504  \\$aIncludes bibliographical references.
=530  \\$aAlso issued in print format.
=538  \\$aMode of access: World Wide Web.
=538  \\$aSystem requirements: Adobe Acrobat Reader.
=650  \0$aStructural analysis (Engineering)
=650  \0$aReliability (Engineering)
=710  1\$aGreat Britain.$bHealth and Safety Executive.
=710  2\$aUniversity of Aberdeen.
=830  \0$aResearch report (Great Britain. Health and Safety Executive) ;$v642.
=852  41$aBritish Library$bHMNTS$jDigital store
=856  40$uhttp://www.hse.gov.uk/research/rrpdf/rr642.pdf
=985  \\$aCOBSI record
=CAT  \\$aBATCH-SURR$b00$c20091015$lBLL01$h1133
=CAT  \\$aBATCH$b00$c20091015$lBLL01$h1135
=CAT  \\$aBATCH-UPD$b00$c20091015$lBLL01$h1322
=CAT  \\$a12181$b40$c20091223$lBLL01$h1555
=CAT  \\$aBATCH-UPD$b40$c20150813$lBLL01$h2113
=CAT  \\$aW1711-1225$c20171203$lBLL01$h1035
=FIN  \\$aY$d20091015
=FMT  \\$a  BK
=LAS  \\$aW1711-1225$b00$c20171203$lBLL01$h1035
=SRC  \\$aCOBSI$b1bcobsi.lex
=STA  \\$aSUPPRESSED$bunable to determine reason for suppression

