=LDR  02092 am a2200565 a 4500
=001  015393574
=003  Uk
=005  20091223143244.0
=006  m||||||||d||||||||
=007  cr||||||||||||
=008  090319s2008\\\\enk\\\\\sb\\\o000|0\eng|\
=040  \\$aStDuBDS$beng$cStDuBDS
=042  \\$aukblsr
=050  \4$aRC964
=082  04$a616.9803019$222
=100  1\$aFairclough, Stephen.
=245  10$aAttention, awareness and occupational stress$h[electronic resource] /$cStephen Fairclough, Laura Goodwin.
=260  \\$aSudbury :$bHSE,$c2008.
=300  \\$a92 p. :$bdigital, PDF file.
=336  \\$atext$2rdacontent
=337  \\$acomputer$2rdamedia
=338  \\$aonline resource$2rdacarrier
=490  1\$aResearch report ;$v644
=500  \\$aTitle from PDF title page (viewed on 19 March 2009).
=500  \\$aPrepared by Liverpool John Moores University for the Health and Safety Executive.
=504  \\$aIncludes bibliographical references.
=530  \\$aAlso issued in print format.
=538  \\$aMode of access: World Wide Web.
=538  \\$aSystem requirements: Adobe Acrobat Reader.
=650  \0$aJob stress.
=650  \0$aOccupational diseases$xPsychological aspects.
=650  \0$aAttention$xPhysiological aspects.
=650  \0$aMind and body.
=700  1\$aGoodwin, Laura.
=710  1\$aGreat Britain.$bHealth and Safety Executive.
=710  2\$aLiverpool John Moores University.
=830  \0$aResearch report (Great Britain. Health and Safety Executive) ;$v644.
=852  41$aBritish Library$bHMNTS$jDigital store
=856  40$uhttp://www.hse.gov.uk/research/rrpdf/rr644.pdf
=985  \\$aCOBSI record
=CAT  \\$aBATCH-SURR$b00$c20091015$lBLL01$h1133
=CAT  \\$aBATCH$b00$c20091015$lBLL01$h1135
=CAT  \\$aBATCH-UPD$b00$c20091015$lBLL01$h1322
=CAT  \\$a12181$b40$c20091223$lBLL01$h1432
=CAT  \\$aW1711-1225$c20171203$lBLL01$h1035
=FIN  \\$aY$d20091015
=FMT  \\$a  BK
=LAS  \\$aW1711-1225$b00$c20171203$lBLL01$h1035
=SRC  \\$aCOBSI$b1bcobsi.lex
=STA  \\$aSUPPRESSED$bunable to determine reason for suppression

