=LDR  01995 am a2200529 a 4500
=001  015393579
=003  Uk
=005  20091223123834.0
=006  m||||||||d||||||||
=007  cr||||||||||||
=008  090322s2008\\\\enk\\\\\sb\\\o000|0\eng|\
=040  \\$aStDuBDS$beng$cStDuBDS
=042  \\$aukblsr
=050  \4$aQC665.E4
=082  04$a537.0287$222
=100  1\$aChadwick, Philip.
=245  10$aAssessment uncertainties relating to electromagnetic fields (EMF) measurement and computation$h[electronic resource] /$cPhilip Chadwick.
=260  \\$aSudbury :$bHSE,$c2008.
=300  \\$a42 p. :$bdigital, PDF file.
=336  \\$atext$2rdacontent
=337  \\$acomputer$2rdamedia
=338  \\$aonline resource$2rdacarrier
=490  1\$aResearch report ;$v649
=500  \\$aTitle from PDF title page (viewed on 22 March 2009).
=500  \\$aPrepared by EMFields Limited for the Health and Safety Executive.
=504  \\$aIncludes bibliographical references.
=530  \\$aAlso issued in print format.
=538  \\$aMode of access: World Wide Web.
=538  \\$aSystem requirements: Adobe Acrobat Reader.
=650  \0$aElectromagnetic fields$xMeasurement.
=650  \0$aElectromagnetic fields$xData processing.
=710  1\$aGreat Britain.$bHealth and Safety Executive.
=710  2\$aEMFields Limited.
=830  \0$aResearch report (Great Britain. Health and Safety Executive) ;$v649.
=852  41$aBritish Library$bHMNTS$jDigital store
=856  40$uhttp://www.hse.gov.uk/research/rrpdf/rr649.pdf
=985  \\$aCOBSI record
=CAT  \\$aBATCH-SURR$b00$c20091015$lBLL01$h1133
=CAT  \\$aBATCH$b00$c20091015$lBLL01$h1135
=CAT  \\$aBATCH-UPD$b00$c20091015$lBLL01$h1322
=CAT  \\$a12181$b40$c20091223$lBLL01$h1238
=CAT  \\$aW1711-1225$c20171203$lBLL01$h1035
=FIN  \\$aY$d20091015
=FMT  \\$a  BK
=LAS  \\$aW1711-1225$b00$c20171203$lBLL01$h1035
=SRC  \\$aCOBSI$b1bcobsi.lex
=STA  \\$aSUPPRESSED$bunable to determine reason for suppression

