=LDR  01814 am a2200481 a 4500
=001  015393581
=003  Uk
=005  20091223120914.0
=006  m||||||||d||||||||
=007  cr||||||||||||
=008  090322s2008\\\\enk\\\\\s\\\\o000|0\eng|\
=040  \\$aStDuBDS$beng$cStDuBDS
=042  \\$aukblsr
=050  \4$aLB2840.2
=082  04$a371.10019$222
=245  00$aImplementation of Worklife Support's Well-being programme in the local authority-controlled education sector$h[electronic resource] /$cWorklife Support Limited.
=260  \\$aSudbury :$bHSE,$c2008.
=300  \\$a82 p. :$bdigital, PDF file.
=336  \\$atext$2rdacontent
=337  \\$acomputer$2rdamedia
=338  \\$aonline resource$2rdacarrier
=490  1\$aResearch report ;$v652
=500  \\$aTitle from PDF title page (viewed on 22 March 2009).
=530  \\$aAlso issued in print format.
=538  \\$aMode of access: World Wide Web.
=538  \\$aSystem requirements: Adobe Acrobat Reader.
=650  \0$aTeachers$xJob stress$zGreat Britain$xPrevention.
=710  1\$aGreat Britain.$bHealth and Safety Executive.
=710  2\$aWorklife Support Limited.
=830  \0$aResearch report (Great Britain. Health and Safety Executive) ;$v652.
=852  41$aBritish Library$bHMNTS$jDigital store
=856  40$uhttp://www.hse.gov.uk/research/rrpdf/rr652.pdf
=985  \\$aCOBSI record
=CAT  \\$aBATCH-SURR$b00$c20091015$lBLL01$h1133
=CAT  \\$aBATCH$b00$c20091015$lBLL01$h1135
=CAT  \\$aBATCH-UPD$b00$c20091015$lBLL01$h1322
=CAT  \\$a12181$b40$c20091223$lBLL01$h1209
=CAT  \\$aW1711-1225$c20171203$lBLL01$h1035
=FIN  \\$aY$d20091015
=FMT  \\$a  BK
=LAS  \\$aW1711-1225$b00$c20171203$lBLL01$h1035
=SRC  \\$aCOBSI$b1bcobsi.lex
=STA  \\$aSUPPRESSED$bunable to determine reason for suppression

