=LDR  02223 am a2200553 a 4500
=001  015393588
=003  Uk
=005  20171203130600.0
=006  m||||||||d||||||||
=007  cr||||||||||||
=008  090322s2008\\\\enk\\\\\sb\\\o000|0\eng|\
=040  \\$aStDuBDS$beng$cStDuBDS
=042  \\$aukblsr
=050  \4$aRC281.C4
=082  04$a614.59929299400941$222
=245  00$aParental occupational chemical exposures and childhood cancer$h[electronic resource] /$cPatricia A. McKinney ... [et al.].
=260  \\$aSudbury :$bHSE,$c2008.
=300  \\$a144 p. :$bdigital, PDF file.
=336  \\$atext$2rdacontent
=337  \\$acomputer$2rdamedia
=338  \\$aonline resource$2rdacarrier
=490  1\$aResearch report ;$v661
=500  \\$aTitle from PDF title page (viewed on 22 March 2009).
=500  \\$aPrepared by the University of Leeds and the Institute of Occupational Medicine for the Health and Safety Executive.
=504  \\$aIncludes bibliographical references.
=530  \\$aAlso issued in print format.
=538  \\$aMode of access: World Wide Web.
=538  \\$aSystem requirements: Adobe Acrobat Reader.
=650  \0$aCancer in children$zGreat Britain$xEpidemiology.
=650  \0$aCancer$xEnvironmental aspects$zGreat Britain.
=650  \0$aEnvironmentally induced diseases in children$zGreat Britain.
=700  1\$aMcKinney, P.$q(Patricia).
=710  1\$aGreat Britain.$bHealth and Safety Executive.
=710  2\$aUniversity of Leeds.
=710  2\$aInstitute of Occupational Medicine (Edinburgh, Scotland)
=830  \0$aResearch report (Great Britain. Health and Safety Executive) ;$v661.
=852  41$aBritish Library$bHMNTS$jDigital store
=856  40$uhttp://www.hse.gov.uk/research/rrpdf/rr661.pdf
=985  \\$aCOBSI record
=CAT  \\$aBATCH-SURR$b00$c20091015$lBLL01$h1133
=CAT  \\$aBATCH$b00$c20091015$lBLL01$h1135
=CAT  \\$aBATCH-UPD$b00$c20091015$lBLL01$h1322
=CAT  \\$aW1711-1225$c20171203$lBLL01$h1035
=CAT  \\$aBATCH-UPD$b00$c20171203$lBLL01$h1306
=FIN  \\$aY$d20091015
=FMT  \\$a  BK
=LAS  \\$aBATCH-UPD$b00$c20171203$lBLL01$h1306
=SRC  \\$aCOBSI$b1bcobsi.lex
=STA  \\$aSUPPRESSED$bunable to determine reason for suppression

