=LDR  02153 am a2200553 a 4500
=001  015393590
=003  Uk
=005  20091124113433.0
=006  m||||||||d||||||||
=007  cr||||||||||||
=008  090323s2008\\\\enk\\\\\s\\\\o000|0\eng|\
=040  \\$aStDuBDS$beng$cStDuBDS
=042  \\$aukblsr
=050  \4$aHE5614
=082  04$a363.1270941$222
=100  1\$aBanerjee, Jacqui.
=245  10$aFalls from vehicles$h[electronic resource] :$bcampaign evaluation /$cJacqui Banerjee, Leo Archutowski, Lizzie Horton.
=260  \\$aSudbury :$bHSE,$c2008.
=300  \\$a70 p. :$bdigital, PDF file.
=336  \\$atext$2rdacontent
=337  \\$acomputer$2rdamedia
=338  \\$aonline resource$2rdacarrier
=490  1\$aResearch report ;$v663
=500  \\$aTitle from PDF title page (viewed on 23 March 2009).
=500  \\$aPrepared by Continental Research for the Health and Safety Executive.
=530  \\$aAlso issued in print format.
=538  \\$aMode of access: World Wide Web.
=538  \\$aSystem requirements: Adobe Acrobat Reader.
=650  \0$aTruck accidents$xPrevention$xStudy and teaching$zGreat Britain$xEvaluation.
=650  \0$aFalls (Accidents)$xPrevention$xStudy and teaching$zGreat Britain$xEvaluation.
=650  \0$aSafety education, Industrial$zGreat Britain$xEvaluation.
=700  1\$aArchutowski, Leo.
=700  1\$aHorton, Lizzie.
=710  1\$aGreat Britain.$bHealth and Safety Executive.
=710  2\$aContinental Research (Firm)
=830  \0$aResearch report (Great Britain. Health and Safety Executive) ;$v663.
=852  41$aBritish Library$bHMNTS$jDigital store
=856  40$uhttp://www.hse.gov.uk/research/rrpdf/rr663.pdf
=985  \\$aCOBSI record
=CAT  \\$aBATCH-SURR$b00$c20091015$lBLL01$h1133
=CAT  \\$aBATCH$b00$c20091015$lBLL01$h1135
=CAT  \\$aBATCH-UPD$b00$c20091015$lBLL01$h1322
=CAT  \\$a12181$b40$c20091124$lBLL01$h1134
=CAT  \\$aW1711-1225$c20171203$lBLL01$h1035
=FIN  \\$aY$d20091015
=FMT  \\$a  BK
=LAS  \\$aW1711-1225$b00$c20171203$lBLL01$h1035
=SRC  \\$aCOBSI$b1bcobsi.lex
=STA  \\$aSUPPRESSED$bunable to determine reason for suppression

