=LDR  02046 am a2200541 a 4500
=001  015393595
=003  Uk
=005  20091124105323.0
=006  m||||||||d||||||||
=007  cr||||||||||||
=008  090323s2008\\\\enk\\\\\sb\\\o000|0\eng|\
=040  \\$aStDuBDS$beng$cStDuBDS
=042  \\$aukblsr
=050  \4$aSB435.8
=082  04$a634.980289$222
=245  00$aEvaluation of current rigging and dismantling practices used in arboriculture$h[electronic resource] /$cAndreas Detter ... [et al.].
=260  \\$aSudbury :$bHSE,$c2008.
=300  \\$a370 p. :$bdigital, PDF file.
=336  \\$atext$2rdacontent
=337  \\$acomputer$2rdamedia
=338  \\$aonline resource$2rdacarrier
=490  1\$aResearch report ;$v668
=500  \\$aTitle from PDF title page (viewed on 23 March 2009).
=500  \\$aPrepared by Treevolution and Brudi & Partner TreeConsult for the Health and Safety Executive.
=504  \\$aIncludes bibliographical references.
=530  \\$aAlso issued in print format.
=538  \\$aMode of access: World Wide Web.
=538  \\$aSystem requirements: Adobe Acrobat Reader.
=650  \0$aArboriculture$xRisk assessment.
=650  \0$aTree felling$xRisk assessment.
=700  1\$aDetter, Andreas.
=710  1\$aGreat Britain.$bHealth and Safety Executive.
=710  2\$aTreevolution.
=710  2\$aBrudi & Partner TreeConsult.
=830  \0$aResearch report (Great Britain. Health and Safety Executive) ;$v668.
=852  41$aBritish Library$bHMNTS$jDigital store
=856  40$uhttp://www.hse.gov.uk/research/rrpdf/rr668.pdf
=985  \\$aCOBSI record
=CAT  \\$aBATCH-SURR$b00$c20091015$lBLL01$h1133
=CAT  \\$aBATCH$b00$c20091015$lBLL01$h1135
=CAT  \\$aBATCH-UPD$b00$c20091015$lBLL01$h1322
=CAT  \\$a12181$b40$c20091124$lBLL01$h1053
=CAT  \\$aW1711-1225$c20171203$lBLL01$h1035
=FIN  \\$aY$d20091015
=FMT  \\$a  BK
=LAS  \\$aW1711-1225$b00$c20171203$lBLL01$h1035
=SRC  \\$aCOBSI$b1bcobsi.lex
=STA  \\$aSUPPRESSED$bunable to determine reason for suppression

