=LDR  02496 am a2200601 a 4500
=001  015393596
=003  Uk
=005  20091118181149.0
=006  m||||||||d||||||||
=007  cr||||||||||||
=008  090324s2008\\\\enk\\\\\sb\\\o000|0\eng|\
=040  \\$aStDuBDS$beng$cStDuBDS
=042  \\$aukblsr
=050  \4$aKD3156
=082  04$a344.410465$222
=100  1\$aLutman, M. E.
=245  10$aEpidemiological evidence for the effectiveness of the noise at work regulations$h[electronic resource] /$cMark E. Lutman, Adrian C. Davis, Melanie A. Ferguson.
=260  \\$aSudbury :$bHSE,$c2008.
=300  \\$a98 p. :$bdigital, PDF file.
=336  \\$atext$2rdacontent
=337  \\$acomputer$2rdamedia
=338  \\$aonline resource$2rdacarrier
=490  1\$aResearch report ;$v669
=500  \\$aTitle from PDF title page (viewed on 24 March 2009).
=500  \\$aPrepared by the Institute of Sound and Vibration Research,the Medical Research Council's Institute of Hearing Research and the MRC Hearing & Communication Group for the Health and Safety Executive.
=504  \\$aIncludes bibliographical references.
=530  \\$aAlso issued in print format.
=538  \\$aMode of access: World Wide Web.
=538  \\$aSystem requirements: Adobe Acrobat Reader.
=650  \0$aIndustrial noise$xLaw and legislation$zGreat Britain.
=650  \0$aDeafness, Noise induced$xPrevention.
=700  1\$aDavis, Adrian$q(Adrian C.).
=700  1\$aFerguson, Melanie A.
=710  1\$aGreat Britain.$bHealth and Safety Executive.
=710  2\$aUniversity of Southampton.$bInstitute of Sound and Vibration Research.
=710  2\$aMRC Institute of Hearing Research.
=710  2\$aMRC Hearing & Communication Group.
=830  \0$aResearch report (Great Britain. Health and Safety Executive) ;$v669.
=852  41$aBritish Library$bHMNTS$jDigital store
=856  40$uhttp://www.hse.gov.uk/research/rrpdf/rr669.pdf
=985  \\$aCOBSI record
=CAT  \\$aBATCH-SURR$b00$c20091015$lBLL01$h1133
=CAT  \\$aBATCH$b00$c20091015$lBLL01$h1135
=CAT  \\$aBATCH-UPD$b00$c20091015$lBLL01$h1322
=CAT  \\$a12181$b40$c20091118$lBLL01$h1808
=CAT  \\$a12181$b40$c20091118$lBLL01$h1811
=CAT  \\$aW1711-1225$c20171203$lBLL01$h1035
=CAT  \\$aBATCH-UPD$b00$c20171203$lBLL01$h1306
=FIN  \\$aY$d20091015
=FMT  \\$a  BK
=LAS  \\$aBATCH-UPD$b00$c20171203$lBLL01$h1306
=SRC  \\$aCOBSI$b1bcobsi.lex
=STA  \\$aSUPPRESSED$bunable to determine reason for suppression

