=LDR  02173 am a2200565 a 4500
=001  015393597
=003  Uk
=005  20091118174340.0
=006  m||||||||d||||||||
=007  cr||||||||||||
=008  090324s2008\\\\enk\\\\\sb\\\o000|0\eng|\
=040  \\$aStDuBDS$beng$cStDuBDS
=042  \\$aukblsr
=050  \4$aHD7261
=082  04$a658.3820941$222
=100  1\$aFord, Norma J.
=245  10$aKirklees Better Health at Work project$h[electronic resource] :$bfinal report /$cNorma J. Ford, R. Gai Murphy & Peter A. Shearn.
=260  \\$aSudbury :$bHSE,$c2008.
=300  \\$a168 p. :$bdigital, PDF file.
=336  \\$atext$2rdacontent
=337  \\$acomputer$2rdamedia
=338  \\$aonline resource$2rdacarrier
=490  1\$aResearch report ;$v670
=500  \\$aTitle from PDF title page (viewed on 24 March 2009).
=500  \\$aPrepared by the University of Salford for the Health and Safety Executive.
=504  \\$aIncludes bibliographical references.
=530  \\$aAlso issued in print format.
=538  \\$aMode of access: World Wide Web.
=538  \\$aSystem requirements: Adobe Acrobat Reader.
=650  \0$aOccupational health services$zGreat Britain$xEvaluation.
=650  \0$aIndustrial safety$zGreat Britain$xManagement.
=650  \0$aSmall business$xEmployees$xHealth and hygiene$zGreat Britain.
=700  1\$aMurphy, R. Gai.
=700  1\$aShearn, Peter,$d1968-
=710  1\$aGreat Britain.$bHealth and Safety Executive.
=710  2\$aUniversity of Salford.
=830  \0$aResearch report (Great Britain. Health and Safety Executive) ;$v670.
=852  41$aBritish Library$bHMNTS$jDigital store
=856  40$uhttp://www.hse.gov.uk/research/rrpdf/rr670.pdf
=985  \\$aCOBSI record
=CAT  \\$aBATCH-SURR$b00$c20091015$lBLL01$h1133
=CAT  \\$aBATCH$b00$c20091015$lBLL01$h1135
=CAT  \\$aBATCH-UPD$b00$c20091015$lBLL01$h1322
=CAT  \\$a12181$b40$c20091118$lBLL01$h1743
=CAT  \\$aW1711-1225$c20171203$lBLL01$h1035
=FIN  \\$aY$d20091015
=FMT  \\$a  BK
=LAS  \\$aW1711-1225$b00$c20171203$lBLL01$h1035
=SRC  \\$aCOBSI$b1bcobsi.lex
=STA  \\$aSUPPRESSED$bunable to determine reason for suppression

