=LDR  02159 am a2200553 a 4500
=001  015393600
=003  Uk
=005  20091118172827.0
=006  m||||||||d||||||||
=007  cr||||||||||||
=008  090325s2008\\\\enk\\\\\sb\\\o000|0\eng|\
=040  \\$aStDuBDS$beng$cStDuBDS
=042  \\$aukblsr
=050  \4$aHD5115.2.G7
=082  04$a658.314$222
=100  1\$aHolmes, Eileen$c(Statistician)
=245  14$aThe feasibility of comparing sickness absence surveys and the Labour force survey$h[electronic resource] /$cEileen Holmes.
=260  \\$aSudbury :$bHSE,$c2008.
=300  \\$a30 p. :$bdigital, PDF file.
=336  \\$atext$2rdacontent
=337  \\$acomputer$2rdamedia
=338  \\$aonline resource$2rdacarrier
=490  1\$aResearch report ;$v673
=500  \\$aTitle from PDF title page (viewed on 25 March 2009).
=500  \\$aPrepared by the Health and Safety Laboratory for the Health and Safety Executive.
=504  \\$aIncludes bibliographical references.
=530  \\$aAlso issued in print format.
=538  \\$aMode of access: World Wide Web.
=538  \\$aSystem requirements: Adobe Acrobat Reader.
=650  \0$aAbsenteeism (Labor)$zGreat Britain$xStatistics.
=650  \0$aAbsenteeism (Labor)$zGreat Britain$vStatistics.
=710  1\$aGreat Britain.$bHealth and Safety Executive.
=710  2\$aHealth and Safety Laboratory (Great Britain)
=830  \0$aResearch report (Great Britain. Health and Safety Executive) ;$v673.
=852  41$aBritish Library$bHMNTS$jDigital store
=856  40$uhttp://www.hse.gov.uk/research/rrpdf/rr673.pdf
=985  \\$aCOBSI record
=CAT  \\$aBATCH-SURR$b00$c20091015$lBLL01$h1133
=CAT  \\$aBATCH$b00$c20091015$lBLL01$h1135
=CAT  \\$aBATCH-UPD$b00$c20091015$lBLL01$h1322
=CAT  \\$a12181$b40$c20091118$lBLL01$h1728
=CAT  \\$aBATCH-UPD$b40$c20120126$lBLL01$h1652
=CAT  \\$a10804$b40$c20170615$lBLL01$h1131
=CAT  \\$aW1711-1225$c20171203$lBLL01$h1035
=FIN  \\$aY$d20091015
=FMT  \\$a  BK
=LAS  \\$aW1711-1225$b00$c20171203$lBLL01$h1035
=SRC  \\$aCOBSI$b1bcobsi.lex
=STA  \\$aSUPPRESSED$bunable to determine reason for suppression

