=LDR  02235 am a2200565 a 4500
=001  015393602
=003  Uk
=005  20091216170518.0
=006  m||||||||d||||||||
=007  cr||||||||||||
=008  090325s2009\\\\enk\\\\\sb\\\o000|0\eng|\
=040  \\$aStDuBDS$beng$cStDuBDS
=042  \\$aukblsr
=050  \4$aT55.3.L5
=082  04$a363.119387742$222
=100  1\$aOxley, Laraine.
=245  10$aMusculoskeletal ill-health risks for airport baggage handlers$h[electronic resource] :$breport on a stakeholder project at East Midlands Airport /$cLaraine Oxley, David Riley, Sarah Tapley.
=260  \\$aSudbury :$bHSE,$c2009.
=300  \\$a106 p. :$bdigital, PDF file.
=336  \\$atext$2rdacontent
=337  \\$acomputer$2rdamedia
=338  \\$aonline resource$2rdacarrier
=490  1\$aResearch report ;$v675
=500  \\$aTitle from PDF title page (viewed on 25 March 2009).
=500  \\$aPrepared by the Health and Safety Laboratory for the Health and Safety Executive.
=504  \\$aIncludes bibliographical references.
=530  \\$aAlso issued in print format.
=538  \\$aMode of access: World Wide Web.
=538  \\$aSystem requirements: Adobe Acrobat Reader.
=650  \0$aAirports$xBaggage handling$xHealth aspects.
=650  \0$aMusculoskeletal system$xWounds and injuries$xPrevention.
=700  1\$aRiley, David,$d1966-
=700  1\$aTapley, Sarah.
=710  1\$aGreat Britain.$bHealth and Safety Executive.
=710  2\$aHealth and Safety Laboratory (Great Britain)
=830  \0$aResearch report (Great Britain. Health and Safety Executive) ;$v675.
=852  41$aBritish Library$bHMNTS$jDigital store
=856  40$uhttp://www.hse.gov.uk/research/rrpdf/rr675.pdf
=985  \\$aCOBSI record
=CAT  \\$aBATCH-SURR$b00$c20091015$lBLL01$h1133
=CAT  \\$aBATCH$b00$c20091015$lBLL01$h1135
=CAT  \\$aBATCH-UPD$b00$c20091015$lBLL01$h1322
=CAT  \\$a12181$b40$c20091118$lBLL01$h1717
=CAT  \\$a12181$b40$c20091216$lBLL01$h1705
=CAT  \\$aW1711-1225$c20171203$lBLL01$h1035
=FIN  \\$aY$d20091015
=FMT  \\$a  BK
=LAS  \\$aW1711-1225$b00$c20171203$lBLL01$h1035
=SRC  \\$aCOBSI$b1bcobsi.lex
=STA  \\$aSUPPRESSED$bunable to determine reason for suppression

