=LDR  02096 am a2200553 a 4500
=001  015393605
=003  Uk
=005  20110524113750.0
=006  m||||||||d||||||||
=007  cr||||||||||||
=008  090325s2008\\\\enk\\\\\sb\\\o000|0\eng|\
=040  \\$aStDuBDS$beng$cStDuBDS
=042  \\$aukblsr
=050  \4$aHB3583.A3
=082  04$a304.60941$222
=100  1\$aSmith, Graham.
=245  10$aUpdating and improving the National Population Database to National Population Database 2$h[electronic resource] /$cGraham Smith and Jon Fairburn.
=260  \\$aSudbury :$bHSE,$c2008.
=300  \\$a72 p. :$bdigital, PDF file.
=336  \\$atext$2rdacontent
=337  \\$acomputer$2rdamedia
=338  \\$aonline resource$2rdacarrier
=490  1\$aResearch report ;$v678
=500  \\$aTitle from PDF title page (viewed on 25 March 2009).
=500  \\$aPrepared by the Staffordshire University for the Health and Safety Executive.
=504  \\$aIncludes bibliographical references.
=530  \\$aAlso issued in print format.
=538  \\$aMode of access: World Wide Web.
=538  \\$aSystem requirements: Adobe Acrobat Reader.
=651  \0$aGreat Britain$xPopulation$xDatabases.
=700  1\$aFairburn, Jon.
=710  1\$aGreat Britain.$bHealth and Safety Executive.
=710  2\$aStaffordshire University.
=830  \0$aResearch report (Great Britain. Health and Safety Executive) ;$v678.
=852  41$aBritish Library$bHMNTS$jDigital store
=856  40$uhttp://www.hse.gov.uk/research/rrpdf/rr678.pdf
=985  \\$aCOBSI record
=CAT  \\$aBATCH-SURR$b00$c20091015$lBLL01$h1133
=CAT  \\$aBATCH$b00$c20091015$lBLL01$h1135
=CAT  \\$aBATCH-UPD$b00$c20091015$lBLL01$h1322
=CAT  \\$a12181$b40$c20091111$lBLL01$h1836
=CAT  \\$a12181$b40$c20091111$lBLL01$h1856
=CAT  \\$a7332$b40$c20110524$lBLL01$h1137
=CAT  \\$aW1711-1225$c20171203$lBLL01$h1035
=FIN  \\$aY$d20091015
=FMT  \\$a  BK
=LAS  \\$aW1711-1225$b00$c20171203$lBLL01$h1035
=SRC  \\$aCOBSI$b1bcobsi.lex
=STA  \\$aSUPPRESSED$bunable to determine reason for suppression

