=LDR  02093 am a2200565 a 4500
=001  015393606
=003  Uk
=005  20091111175855.0
=006  m||||||||d||||||||
=007  cr||||||||||||
=008  090325s2009\\\\enk\\\\\sb\\\o000|0\eng|\
=040  \\$aStDuBDS$beng$cStDuBDS
=042  \\$aukblsr
=050  \4$aTA166
=082  04$a620.82$222
=100  1\$aBell, Julie,$dactive 2007.
=245  10$aReview of human reliability assessment methods$h[electronic resource] /$cJulie Bell & Justin Holroyd.
=260  \\$aSudbury :$bHSE,$c2009.
=300  \\$a90 p. :$bdigital, PDF file.
=336  \\$atext$2rdacontent
=337  \\$acomputer$2rdamedia
=338  \\$aonline resource$2rdacarrier
=490  1\$aResearch report ;$v679
=500  \\$aTitle from PDF title page (viewed on 25 March 2009).
=500  \\$aPrepared by the Health and Safety Laboratory for the Health and Safety Executive.
=504  \\$aIncludes bibliographical references.
=530  \\$aAlso issued in print format.
=538  \\$aMode of access: World Wide Web.
=538  \\$aSystem requirements: Adobe Acrobat Reader.
=650  \0$aHuman engineering.
=650  \0$aReliability (Engineering)
=650  \0$aRisk assessment.
=700  1\$aHolroyd, Justin.
=710  1\$aGreat Britain.$bHealth and Safety Executive.
=710  2\$aHealth and Safety Laboratory (Great Britain)
=830  \0$aResearch report (Great Britain. Health and Safety Executive) ;$v679.
=852  41$aBritish Library$bHMNTS$jDigital store
=856  40$uhttp://www.hse.gov.uk/research/rrpdf/rr679.pdf
=985  \\$aCOBSI record
=CAT  \\$aBATCH-SURR$b00$c20091015$lBLL01$h1133
=CAT  \\$aBATCH$b00$c20091015$lBLL01$h1135
=CAT  \\$aBATCH-UPD$b00$c20091015$lBLL01$h1322
=CAT  \\$a12181$b40$c20091111$lBLL01$h1758
=CAT  \\$aBATCH-UPD$b40$c20141114$lBLL01$h2152
=CAT  \\$aW1711-1225$c20171203$lBLL01$h1035
=FIN  \\$aY$d20091015
=FMT  \\$a  BK
=LAS  \\$aW1711-1225$b00$c20171203$lBLL01$h1035
=SRC  \\$aCOBSI$b1bcobsi.lex
=STA  \\$aSUPPRESSED$bunable to determine reason for suppression

