=LDR  01816 am a2200493 a 4500
=001  015393607
=003  Uk
=005  20171203103500.0
=006  m||||||||d||||||||
=007  cr||||||||||||
=008  090326s2008\\\\enk\\\\\s\\\\o000|0\eng|\
=040  \\$aStDuBDS$beng$cStDuBDS
=042  \\$aukblsr
=050  \4$aJN318
=082  04$a353.960941$222
=245  00$aLocal authorities and HSE in partnership$h[electronic resource] :$ban evaluation /$cPA Consulting Group.
=260  \\$aSudbury :$bHSE,$c2008.
=300  \\$a51 p. :$bdigital, PDF file.
=336  \\$atext$2rdacontent
=337  \\$acomputer$2rdamedia
=338  \\$aonline resource$2rdacarrier
=490  1\$aResearch report ;$v680
=500  \\$aTitle from PDF title page (viewed on 26 March 2009).
=530  \\$aAlso issued in print format.
=538  \\$aMode of access: World Wide Web.
=538  \\$aSystem requirements: Adobe Acrobat Reader.
=610  10$aGreat Britain.$bHealth and Safety Executive.
=650  \0$aLocal government$zGreat Britain.
=650  \0$aInteragency coordination$zGreat Britain$xEvaluation.
=710  1\$aGreat Britain.$bHealth and Safety Executive.
=710  2\$aPA Consulting Group.
=830  \0$aResearch report (Great Britain. Health and Safety Executive) ;$v680.
=852  41$aBritish Library$bHMNTS$jDigital store
=856  40$uhttp://www.hse.gov.uk/research/rrpdf/rr680.pdf
=985  \\$aCOBSI record
=CAT  \\$aBATCH-SURR$b00$c20091015$lBLL01$h1133
=CAT  \\$aBATCH$b00$c20091015$lBLL01$h1135
=CAT  \\$aBATCH-UPD$b00$c20091015$lBLL01$h1322
=CAT  \\$aW1711-1225$c20171203$lBLL01$h1035
=FIN  \\$aY$d20091015
=FMT  \\$a  BK
=LAS  \\$aW1711-1225$b00$c20171203$lBLL01$h1035
=SRC  \\$aCOBSI$b1bcobsi.lex
=STA  \\$aSUPPRESSED$bunable to determine reason for suppression

