=LDR  02187 am a2200565 a 4500
=001  015393609
=003  Uk
=005  20091103174356.0
=006  m||||||||d||||||||
=007  cr||||||||||||
=008  090326s2009\\\\enk\\\\\sb\\\o000|0\eng|\
=040  \\$aStDuBDS$beng$cStDuBDS
=042  \\$aukblsr
=050  \4$aTH9446.H38
=082  04$a628.922$222
=100  1\$aVéchot, Luc.
=245  10$aDevelopment of fire protection measures for vessels containing reactive chemicals$h[electronic resource] /$cLuc Vechot, Laurence Cusco & John Hare.
=260  \\$aSudbury :$bHSE,$c2009.
=300  \\$a66 p. :$bdigital, PDF file.
=336  \\$atext$2rdacontent
=337  \\$acomputer$2rdamedia
=338  \\$aonline resource$2rdacarrier
=490  1\$aResearch report ;$v682
=500  \\$aTitle from PDF title page (viewed on 26 March 2009).
=500  \\$aPrepared by the Health and Safety Laboratory for the Health and Safety Executive.
=504  \\$aIncludes bibliographical references.
=530  \\$aAlso issued in print format.
=538  \\$aMode of access: World Wide Web.
=538  \\$aSystem requirements: Adobe Acrobat Reader.
=650  \0$aHazardous substances$xFires and fire prevention.
=650  \0$aHazardous substances$xStorage$xSafety measures.
=700  1\$aCusco, Laurence.
=700  1\$aHare, John Andrew.
=710  1\$aGreat Britain.$bHealth and Safety Executive.
=710  2\$aHealth and Safety Laboratory (Great Britain)
=830  \0$aResearch report (Great Britain. Health and Safety Executive) ;$v682.
=852  41$aBritish Library$bHMNTS$jDigital store
=856  40$uhttp://www.hse.gov.uk/research/rrpdf/rr682.pdf
=985  \\$aCOBSI record
=CAT  \\$aBATCH-SURR$b00$c20091015$lBLL01$h1133
=CAT  \\$aBATCH$b00$c20091015$lBLL01$h1135
=CAT  \\$aBATCH-UPD$b00$c20091015$lBLL01$h1322
=CAT  \\$a12181$b40$c20091103$lBLL01$h1743
=CAT  \\$aBATCH-UPD$b40$c20091106$lBLL01$h2113
=CAT  \\$aW1711-1225$c20171203$lBLL01$h1035
=FIN  \\$aY$d20091015
=FMT  \\$a  BK
=LAS  \\$aW1711-1225$b00$c20171203$lBLL01$h1035
=SRC  \\$aCOBSI$b1bcobsi.lex
=STA  \\$aSUPPRESSED$bunable to determine reason for suppression

