=LDR  02015 am a2200541 a 4500
=001  015393611
=003  Uk
=005  20091118181332.0
=006  m||||||||d||||||||
=007  cr||||||||||||
=008  090326s2009\\\\enk\\\\\sb\\\o000|0\eng|\
=040  \\$aStDuBDS$beng$cStDuBDS
=042  \\$aukblsr
=050  \4$aTC1665
=082  04$a627.98$222
=100  1\$aMay, Philip,$d1975-
=245  10$aStructural integrity management framework for fixed jacket structures$h[electronic resource] /$cPhilip May.
=260  \\$aSudbury :$bHSE,$c2009.
=300  \\$a50 p. :$bdigital, PDF file.
=336  \\$atext$2rdacontent
=337  \\$acomputer$2rdamedia
=338  \\$aonline resource$2rdacarrier
=490  1\$aResearch report ;$v684
=500  \\$aTitle from PDF title page (viewed on 26 March 2009).
=500  \\$aPrepared by Atkins Limited for the Health and Safety Executive.
=504  \\$aIncludes bibliographical references.
=530  \\$aAlso issued in print format.
=538  \\$aMode of access: World Wide Web.
=538  \\$aSystem requirements: Adobe Acrobat Reader.
=650  \0$aOffshore structures$xInspection.
=650  \0$aStructural analysis (Engineering)
=710  1\$aGreat Britain.$bHealth and Safety Executive.
=710  2\$aWS Atkins International Limited.
=830  \0$aResearch report (Great Britain. Health and Safety Executive) ;$v684.
=852  41$aBritish Library$bHMNTS$jDigital store
=856  40$uhttp://www.hse.gov.uk/research/rrpdf/rr684.pdf
=985  \\$aCOBSI record
=CAT  \\$aBATCH-SURR$b00$c20091015$lBLL01$h1133
=CAT  \\$aBATCH$b00$c20091015$lBLL01$h1135
=CAT  \\$aBATCH-UPD$b00$c20091015$lBLL01$h1322
=CAT  \\$a12181$b40$c20091103$lBLL01$h1715
=CAT  \\$a12181$b40$c20091118$lBLL01$h1813
=CAT  \\$aW1711-1225$c20171203$lBLL01$h1035
=FIN  \\$aY$d20091015
=FMT  \\$a  BK
=LAS  \\$aW1711-1225$b00$c20171203$lBLL01$h1035
=SRC  \\$aCOBSI$b1bcobsi.lex
=STA  \\$aSUPPRESSED$bunable to determine reason for suppression

