=LDR  02064 am a2200529 a 4500
=001  015393613
=003  Uk
=005  20171203103500.0
=006  m||||||||d||||||||
=007  cr||||||||||||
=008  090326s2009\\\\enk\\\\\sb\\\o000|0\eng|\
=040  \\$aStDuBDS$beng$cStDuBDS
=042  \\$aukblsr
=050  \4$aRC969.H43
=082  04$a658.382$222
=245  00$aDeveloping the management standards approach within the context of common health problems in the workplace$h[electronic resource] :$ba Delphi study /$cTom Cox ... [et al.].
=260  \\$aSudbury :$bHSE,$c2009.
=300  \\$a82 p. :$bdigital, PDF file.
=336  \\$atext$2rdacontent
=337  \\$acomputer$2rdamedia
=338  \\$aonline resource$2rdacarrier
=490  1\$aResearch report ;$v687
=500  \\$aTitle from PDF title page (viewed on 26 March 2009).
=500  \\$aPrepared by the University of Nottingham for the Health and Safety Executive.
=504  \\$aIncludes bibliographical references.
=530  \\$aAlso issued in print format.
=538  \\$aMode of access: World Wide Web.
=538  \\$aSystem requirements: Adobe Acrobat Reader.
=650  \0$aIndustrial hygiene$zGreat Britain$xManagement.
=650  \0$aEmployee health promotion$zGreat Britain.
=650  \0$aJob stress$xPrevention$xManagement.
=700  1\$aCox, Tom,$d1947-
=710  1\$aGreat Britain.$bHealth and Safety Executive.
=710  2\$aUniversity of Nottingham.
=830  \0$aResearch report (Great Britain. Health and Safety Executive) ;$v687.
=852  41$aBritish Library$bHMNTS$jDigital store
=856  40$uhttp://www.hse.gov.uk/research/rrpdf/rr687.pdf
=985  \\$aCOBSI record
=CAT  \\$aBATCH-SURR$b00$c20091015$lBLL01$h1133
=CAT  \\$aBATCH$b00$c20091015$lBLL01$h1135
=CAT  \\$aBATCH-UPD$b00$c20091015$lBLL01$h1322
=CAT  \\$aW1711-1225$c20171203$lBLL01$h1035
=FIN  \\$aY$d20091015
=FMT  \\$a  BK
=LAS  \\$aW1711-1225$b00$c20171203$lBLL01$h1035
=SRC  \\$aCOBSI$b1bcobsi.lex
=STA  \\$aSUPPRESSED$bunable to determine reason for suppression

