=LDR  02278 am a2200589 a 4500
=001  015393615
=003  Uk
=005  20140501094747.0
=006  m||||||||d||||||||
=007  cr||||||||||||
=008  090327s2009\\\\enk\\\\\sb\\\o000|0\eng|\
=040  \\$aStDuBDS$beng$cStDuBDS
=042  \\$aukblsr
=050  \4$aHD5115.6.G7
=082  04$a658.3122$222
=100  1\$aReetoo, Nundita.
=245  10$aManaging sickness absence and return to work$h[electronic resource] :$btrial and assessment of a sickness absence recording tool /$cNundita Reetoo, J. Burrows & Ewan Macdonald.
=260  \\$aSudbury :$bHSE,$c2009.
=300  \\$a162 p. :$bdigital, PDF file.
=336  \\$atext$2rdacontent
=337  \\$acomputer$2rdamedia
=338  \\$aonline resource$2rdacarrier
=490  1\$aResearch report ;$v690
=500  \\$aTitle from PDF title page (viewed on 27 March 2009).
=500  \\$aPrepared by the University of Glasgow for the Health and Safety Executive.
=504  \\$aIncludes bibliographical references.
=530  \\$aAlso issued in print format.
=538  \\$aMode of access: World Wide Web.
=538  \\$aSystem requirements: Adobe Acrobat Reader.
=650  \0$aSick leave$zGreat Britain$xData processing.
=650  \0$aSick leave$zGreat Britain$xManagement.
=700  1\$aBurrows, J.
=700  1\$aMacdonald, Ewan$q(Ewan B.).
=710  1\$aGreat Britain.$bHealth and Safety Executive.
=710  2\$aUniversity of Glasgow.
=830  \0$aResearch report (Great Britain. Health and Safety Executive) ;$v690.
=852  41$aBritish Library$bHMNTS$jDigital store
=856  40$uhttp://www.hse.gov.uk/research/rrpdf/rr690.pdf
=985  \\$aCOBSI record
=CAT  \\$aBATCH-SURR$b00$c20091015$lBLL01$h1133
=CAT  \\$aBATCH$b00$c20091015$lBLL01$h1135
=CAT  \\$aBATCH-UPD$b00$c20091015$lBLL01$h1322
=CAT  \\$a12181$b40$c20091028$lBLL01$h1127
=CAT  \\$a12181$b40$c20091028$lBLL01$h1206
=CAT  \\$a5100$b40$c20140501$lBLL01$h0947
=CAT  \\$aW1711-1225$c20171203$lBLL01$h1035
=CAT  \\$aBATCH-UPD$b00$c20171203$lBLL01$h1306
=FIN  \\$aY$d20091015
=FMT  \\$a  BK
=LAS  \\$aBATCH-UPD$b00$c20171203$lBLL01$h1306
=SRC  \\$aCOBSI$b1bcobsi.lex
=STA  \\$aSUPPRESSED$bunable to determine reason for suppression

