=LDR  02221 am a2200565 a 4500
=001  015393616
=003  Uk
=005  20091109164708.0
=006  m||||||||d||||||||
=007  cr||||||||||||
=008  090327s2009\\\\enk\\\\\sb\\\o000|0\eng|\
=040  \\$aStDuBDS$beng$cStDuBDS
=042  \\$aukblsr
=050  \4$aHD5856.G7
=082  04$a363.1108624$222
=100  1\$aBoden, Peter,$d1963-
=245  10$aImproving the reliability of estimates of migrant worker numbers and their relative risk of workplace injury and illness$h[electronic resource] /$cPeter Boden, Phil Rees.
=260  \\$aSudbury :$bHSE,$c2009.
=300  \\$a132 p. :$bdigital, PDF file.
=336  \\$atext$2rdacontent
=337  \\$acomputer$2rdamedia
=338  \\$aonline resource$2rdacarrier
=490  1\$aResearch report ;$v691
=500  \\$aTitle from PDF title page (viewed on 27 March 2009).
=500  \\$aPrepared by Edge Analytics Limited and the University of Leeds for the Health and Safety Executive.
=504  \\$aIncludes bibliographical references.
=530  \\$aAlso issued in print format.
=538  \\$aMode of access: World Wide Web.
=538  \\$aSystem requirements: Adobe Acrobat Reader.
=650  \0$aMigrant labor$xHealth and hygiene$zGreat Britain.
=650  \0$aIndustrial accidents$zGreat Britain.
=700  1\$aRees, P. H.$q(Philip H.),$d1944-
=710  1\$aGreat Britain.$bHealth and Safety Executive.
=710  2\$aEdge Analytics Limited.
=710  2\$aUniversity of Leeds.
=830  \0$aResearch report (Great Britain. Health and Safety Executive) ;$v691.
=852  41$aBritish Library$bHMNTS$jDigital store
=856  40$uhttp://www.hse.gov.uk/research/rrpdf/rr691.pdf
=985  \\$aCOBSI record
=CAT  \\$aBATCH-SURR$b00$c20091015$lBLL01$h1133
=CAT  \\$aBATCH$b00$c20091015$lBLL01$h1135
=CAT  \\$aBATCH-UPD$b00$c20091015$lBLL01$h1322
=CAT  \\$a12181$b40$c20091028$lBLL01$h1700
=CAT  \\$a12181$b40$c20091109$lBLL01$h1647
=CAT  \\$aW1711-1225$c20171203$lBLL01$h1035
=FIN  \\$aY$d20091015
=FMT  \\$a  BK
=LAS  \\$aW1711-1225$b00$c20171203$lBLL01$h1035
=SRC  \\$aCOBSI$b1bcobsi.lex
=STA  \\$aSUPPRESSED$bunable to determine reason for suppression

