=LDR  02239 am a2200589 a 4500
=001  015393620
=003  Uk
=005  20091102103131.0
=006  m||||||||d||||||||
=007  cr||||||||||||
=008  090327s2009\\\\enk\\\\\s\\\\o000|0\eng|\
=040  \\$aStDuBDS$beng$cStDuBDS
=042  \\$aukblsr
=050  \4$aKD3168
=082  04$a344.410465$222
=100  1\$aKing, Karl,$d1983-
=245  10$aEvaluation of guidance for directors and board members$h[electronic resource] /$cKarl King, Michelle McGuire, Charlotte Hollins.
=260  \\$aSudbury :$bHSE,$c2009.
=300  \\$a72 p. :$bdigital, PDF file.
=336  \\$atext$2rdacontent
=337  \\$acomputer$2rdamedia
=338  \\$aonline resource$2rdacarrier
=490  1\$aResearch report ;$v695
=500  \\$aTitle from PDF title page (viewed on 27 March 2009).
=500  \\$aPrepared by Databuild Limited for the Health and Safety Executive.
=530  \\$aAlso issued in print format.
=538  \\$aMode of access: World Wide Web.
=538  \\$aSystem requirements: Adobe Acrobat Reader.
=650  \0$aEmployers' liability$zGreat Britain.
=650  \0$aCommunication in industrial safety$zGreat Britain.
=650  \0$aExecutives$xLegal status, laws, etc.$zGreat Britain.
=700  1\$aMcGuire, Michelle,$d1980-
=700  1\$aHollins, Charlotte.
=710  1\$aGreat Britain.$bHealth and Safety Executive.
=710  2\$aDatabuild (Firm)
=830  \0$aResearch report (Great Britain. Health and Safety Executive) ;$v695.
=852  41$aBritish Library$bHMNTS$jDigital store
=856  40$uhttp://www.hse.gov.uk/research/rrpdf/rr695.pdf
=985  \\$aCOBSI record
=CAT  \\$aBATCH-SURR$b00$c20091015$lBLL01$h1133
=CAT  \\$aBATCH$b00$c20091015$lBLL01$h1135
=CAT  \\$aBATCH-UPD$b00$c20091015$lBLL01$h1322
=CAT  \\$a12181$b40$c20091028$lBLL01$h1041
=CAT  \\$a12181$b40$c20091028$lBLL01$h1659
=CAT  \\$a12181$b40$c20091102$lBLL01$h1030
=CAT  \\$a12181$b40$c20091102$lBLL01$h1031
=CAT  \\$aW1711-1225$c20171203$lBLL01$h1035
=FIN  \\$aY$d20091015
=FMT  \\$a  BK
=LAS  \\$aW1711-1225$b00$c20171203$lBLL01$h1035
=SRC  \\$aCOBSI$b1bcobsi.lex
=STA  \\$aSUPPRESSED$bunable to determine reason for suppression

