=LDR  02116 am a2200529 a 4500
=001  015393621
=003  Uk
=005  20210907171900.0
=006  m||||||||d||||||||
=007  cr||||||||||||
=008  090327s2009\\\\enk\\\\\sb\\\o000|0\eng|\
=040  \\$aStDuBDS$beng$cStDuBDS
=042  \\$aukblsr
=050  \4$aRC280.L8
=082  04$a616.994$222
=245  00$aOccupational, domestic and environmental mesothelioma risks in Britain$h[electronic resource] :$ba case-control study /$cJulian Peto ... [et al.].
=260  \\$aSudbury :$bHSE,$c2009.
=300  \\$a76 p. :$bdigital, PDF file.
=336  \\$atext$2rdacontent
=337  \\$acomputer$2rdamedia
=338  \\$aonline resource$2rdacarrier
=490  1\$aResearch report ;$v696
=500  \\$aTitle from PDF title page (viewed on 27 March 2009).
=500  \\$aPrepared by the Institute of Cancer Research and the London School of Hygiene and Tropical Medicine for the Health and Safety Executive.
=504  \\$aIncludes bibliographical references.
=530  \\$aAlso issued in print format.
=538  \\$aMode of access: World Wide Web.
=538  \\$aSystem requirements: Adobe Acrobat Reader.
=650  \0$aMesothelioma$xRisk factors$zGreat Britain.
=700  1\$aPeto, Julian.
=710  1\$aGreat Britain.$bHealth and Safety Executive.
=710  2\$aInstitute of Cancer Research (London, England)
=710  2\$aLondon School of Hygiene and Tropical Medicine.
=830  \0$aResearch report (Great Britain. Health and Safety Executive) ;$v696.
=852  41$aBritish Library$bHMNTS$jDigital store
=856  40$uhttp://www.hse.gov.uk/research/rrpdf/rr696.pdf
=985  \\$aCOBSI record
=CAT  \\$aBATCH-SURR$b00$c20091015$lBLL01$h1133
=CAT  \\$aBATCH$b00$c20091015$lBLL01$h1135
=CAT  \\$aBATCH-UPD$b00$c20091015$lBLL01$h1322
=CAT  \\$aW1711-1225$c20171203$lBLL01$h1035
=CAT  \\$aBATCH-UPD$b00$c20210907$lBLL01$h1719
=FIN  \\$aY$d20091015
=FMT  \\$a  BK
=LAS  \\$aBATCH-UPD$b00$c20210907$lBLL01$h1719
=SRC  \\$aCOBSI$b1bcobsi.lex
=STA  \\$aSUPPRESSED$bunable to determine reason for suppression

