=LDR  02275 am a2200565 a 4500
=001  015393622
=003  Uk
=005  20091027141647.0
=006  m||||||||d||||||||
=007  cr||||||||||||
=008  090327s2009\\\\enk\\\\\sb\\\o000|0\eng|\
=040  \\$aStDuBDS$beng$cStDuBDS
=042  \\$aukblsr
=050  \4$aHD7269.M39
=082  04$a363.1193810941$222
=100  1\$aGore, Joanne.
=245  12$aA literature review of effective management of the risk of violence in licensed and retail premises arising from crime and disorder$h[electronic resource] /$cJoanne Gore, Johanna Beswick and Kirsten Rogers.
=260  \\$aSudbury :$bHSE,$c2009.
=300  \\$a188 p. :$bdigital, PDF file.
=336  \\$atext$2rdacontent
=337  \\$acomputer$2rdamedia
=338  \\$aonline resource$2rdacarrier
=490  1\$aResearch report ;$v698
=500  \\$aTitle from PDF title page (viewed on 27 March 2009).
=500  \\$aPrepared by the Health and Safety Laboratory for the Health and Safety Executive.
=504  \\$aIncludes bibliographical references.
=530  \\$aAlso issued in print format.
=538  \\$aMode of access: World Wide Web.
=538  \\$aSystem requirements: Adobe Acrobat Reader.
=650  \0$aViolence in the workplace$zGreat Britain$xPrevention.
=650  \0$aStores, Retail$zGreat Britain$xManagement.
=650  \0$aRetail trade$xEmployees$xHealth and hygiene$zGreat Britain.
=700  1\$aBeswick, Johanna.
=700  1\$aRogers, Kirsten.
=710  1\$aGreat Britain.$bHealth and Safety Executive.
=710  2\$aHealth and Safety Laboratory (Great Britain)
=830  \0$aResearch report (Great Britain. Health and Safety Executive) ;$v698.
=852  41$aBritish Library$bHMNTS$jDigital store
=856  40$uhttp://www.hse.gov.uk/research/rrpdf/rr698.pdf
=985  \\$aCOBSI record
=CAT  \\$aBATCH-SURR$b00$c20091015$lBLL01$h1133
=CAT  \\$aBATCH$b00$c20091015$lBLL01$h1135
=CAT  \\$aBATCH-UPD$b00$c20091015$lBLL01$h1322
=CAT  \\$a12181$b40$c20091027$lBLL01$h1416
=CAT  \\$aW1711-1225$c20171203$lBLL01$h1035
=FIN  \\$aY$d20091015
=FMT  \\$a  BK
=LAS  \\$aW1711-1225$b00$c20171203$lBLL01$h1035
=SRC  \\$aCOBSI$b1bcobsi.lex
=STA  \\$aSUPPRESSED$bunable to determine reason for suppression

