=LDR  00968 am a22002533a 4500
=001  015555042
=003  Uk
=005  20200417184214.0
=008  100517s\\\\\\\\\\\\\\\\\\\\\\\0\\\\eng\\
=245  \0$aAnnual review and report 2008-09 :$bCommittee on Standards in Public Life.
=260  \\$aLondon :$bCommittee on Standards in Public Life,$c2010.
=336  \\$atext$2rdacontent
=337  \\$aunmediated$2rdamedia
=338  \\$avolume$2rdacarrier
=852  41$aBritish Library$bHMNTS$jDigital store
=856  \\$uhttp://www.public-standards.gov.uk/Library/CSPL_Annual_Report_2008_09.pdf
=985  \\$aUpgraded by BSS-generated file for WR1910-0531
=CAT  \\$a12630$b40$c20100517$lBLL01$h1219
=CAT  \\$a12630$b40$c20100517$lBLL01$h1221
=CAT  \\$aW1711-1225$c20171203$lBLL01$h1038
=CAT  \\$aW1910-0531$b00$c20200417$lBLL01$h1842
=FMT  \\$a  BK
=LAS  \\$aW1910-0531$b00$c20200417$lBLL01$h1842
=STA  \\$aSUPPRESSED$bunable to determine reason for suppression

