=LDR  01004 am a22002653a 4500
=001  015867172
=003  Uk
=005  20201127183112.0
=008  110812s\\\\\\\\\\\\\\\\\\\\\\\0\\\\eng\\
=245  \0$aAdventure author.
=260  \\$aLondon :$bFuturelab,$c2006.
=336  \\$atext$2rdacontent
=337  \\$aunmediated$2rdamedia
=338  \\$avolume$2rdacarrier
=852  41$aBritish Library$bHMNTS$jDigital store
=856  40$uhttp://www2.futurelab.org.uk/resources/documents/project_flyers/adventure_author.pdf
=883  0\$aLanguage codes assigned by Bayesian analysis of words present in record$d20201028$qUk$c0.9010
=985  \\$aUpgraded by BSS-generated file for WR2011-1472
=CAT  \\$a12664$b40$c20110812$lBLL01$h1044
=CAT  \\$a12664$b40$c20110812$lBLL01$h1107
=CAT  \\$aW1711-1225$c20171203$lBLL01$h1044
=CAT  \\$aW2011-1472$b00$c20201127$lBLL01$h1831
=FMT  \\$a  BK
=LAS  \\$aW2011-1472$b00$c20201127$lBLL01$h1831
=STA  \\$aSUPPRESSED$bunable to determine reason for suppression

