=LDR  01805 am a2200457 a 4500
=001  015871973
=003  Uk
=005  20130312113041.0
=006  m\\\\|\\\d\|\\\\\\
=007  cr\|||||||||||
=008  111101s2005\\\\enka\\\\ob\\\\000\0\eng\d
=015  \\$aGBB322465$2bnb
=040  \\$aIiNdDKA$beng$cIiNdDKA
=042  \\$aukblsr
=043  \\$ae-uk---
=082  04$a323.071241$223
=100  1\$aWilliamson, Ben.
=245  10$aWorld Power League$h[electronic resource] :$ba Futurelab prototype research report /$cby Ben Williamson.
=260  \\$a[Bristol] :$bFuturelab,$c2005.
=300  \\$a1 online resource (32 p.) :$bcol. ill.
=336  \\$atext$2rdacontent
=337  \\$acomputer$2rdamedia
=338  \\$aonline resource$2rdacarrier
=500  \\$aTitle from PDF title page (viewed on Nov. 1, 2011).
=500  \\$a"August 2005."
=504  \\$aIncludes bibliographical references (p. 31-32).
=650  \0$aCitizenship$xStudy and teaching (Secondary)$zGreat Britain$xComputer programs.
=650  \0$aPower (Social sciences)$xStudy and teaching (Secondary)$zGreat Britain$xComputer programs.
=650  \0$aPolitical science$xStudy and teaching (Secondary)$zGreat Britain$xComputer programs.
=710  2\$aFuturelab (Organization)
=852  41$aBritish Library$bHMNTS$jDigital store$2s
=856  40$uhttp://archive.futurelab.org.uk/resources/documents/project_reports/World_Power_League_research_report.pdf
=985  \\$aNETCAT record
=CAT  \\$a12664$b40$c20110819$lBLL01$h1140
=CAT  \\$aBATCH-SURR$b00$c20130312$lBLL01$h1129
=CAT  \\$aW1711-1225$c20171203$lBLL01$h1044
=FIN  \\$aY$d20130312
=FMT  \\$a  BK
=LAS  \\$aW1711-1225$b00$c20171203$lBLL01$h1044
=SRC  \\$aNETCAT$be0121.mrc.20130312
=STA  \\$aSUPPRESSED$bunable to determine reason for suppression

