=LDR  02313 am a2200553 a 4500
=001  015901490
=003  Uk
=005  20130315105803.0
=006  m\\\\|\\\d\|\\\\\\
=007  cr\|||||||||||
=008  111107s2011\\\\enk\\\\\o\\\\\000\0\eng\d
=015  \\$aGBB320685$2bnb
=040  \\$aIiNdDKA$beng$cIiNdDKA
=042  \\$aukblsr
=043  \\$ae-uk---
=082  04$a346.41073$223
=100  1\$aJackson, Linda$c(Legal advisor)
=245  10$aHM Treasury/BIS consultation on Reforming the consumer credit regime$h[electronic resource] :$bCBI response /$cLinda Jackson.
=260  \\$a[London] :$bCBI,$c2011.
=300  \\$a1 online resource (3 p.).
=336  \\$atext$2rdacontent
=337  \\$acomputer$2rdamedia
=338  \\$aonline resource$2rdacarrier
=490  1\$aResponse ;$vMarch 2011
=500  \\$aTitle from PDF caption (viewed on Nov. 7, 2011).
=500  \\$a"Investor in People"--Back cover.
=610  10$aGreat Britain.$bTreasury.$tReforming the consumer credit regime.
=610  10$aGreat Britain.$bDepartment for Business, Innovation and Skills.$tReforming the consumer credit regime.
=650  \0$aConsumer credit$xLaw and legislation$zGreat Britain.
=690  7\$aManagement and Business Studies$2blcoll
=710  2\$aConfederation of British Industry.
=710  2\$aInvestors in People UK.
=830  \0$aResponse (Confederation of British Industry) ;$vMarch 2011.
=852  41$aBritish Library$bHMNTS$jDigital store$2D
=856  40$uhttp://www.cbi.org.uk/ndbs/positiondoc.nsf/1f08ec61711f29768025672a0055f7a8/F3FA60C329EB4B6B8025788B004F6786/{dollar}file/20110301-cbi-response-hm-treasury-bis-consultation-reforming-consumer-credit-regime.pdf
=985  \\$aNETCAT record
=CAT  \\$a12664$b40$c20110930$lBLL01$h0945
=CAT  \\$a12664$b40$c20110930$lBLL01$h0947
=CAT  \\$aBATCH-SURR$b00$c20130306$lBLL01$h1322
=CAT  \\$aBATCH-SURR$b00$c20130312$lBLL01$h1129
=CAT  \\$a12181$b40$c20130315$lBLL01$h1058
=CAT  \\$aBATCH-UPD$b40$c20130411$lBLL01$h1647
=CAT  \\$aBATCH-UPD$b40$c20141226$lBLL01$h2128
=CAT  \\$aW1711-1225$c20171203$lBLL01$h1045
=FIN  \\$aY$d20130312
=FMT  \\$a  BK
=LAS  \\$aW1711-1225$b00$c20171203$lBLL01$h1045
=SRC  \\$aNETCAT$be0121.mrc.20130312
=STA  \\$aSUPPRESSED$bunable to determine reason for suppression

