=LDR  01740 am a2200409 i 4500
=001  015999353
=003  Uk
=005  20140205115525.0
=006  m\\\\||\\d\|\\\\\\
=007  cr\|||||||||||
=008  111230s2009\\\\enk\\\\\o\\\\|000\0\eng\\
=015  \\$aGBB414879$2bnb
=040  \\$aUk$beng$cUk$erda
=042  \\$aukblsr
=082  04$a365.60811094253$223
=110  2\$aPrisons and Probation Ombudsman for England and Wales,$eauthor.
=245  10$aInvestigation into the circumstances surrounding the death of a man in hospital on 9 January 2008 whilst a resident at an approved premises /$creport by the Prisons and Probation Ombudsman for England and Wales.
=264  \1$a[London] :$b[Prisons and Probation Ombudsman for England and Wales],$cMay 2009.
=300  \\$a1 online resource (18 pages)
=336  \\$atext$2rdacontent
=337  \\$acomputer$2rdamedia
=338  \\$aonline resource$2rdacarrier
=500  \\$a"Report: C162-08 May 2009."
=588  \\$aDescription based on online resource; title from PDF cover page (viewed on February 5, 2014).
=650  \0$aPrisoners$zEngland$zLincolnshire$xDeath.
=650  \0$aPrisoners$xMedical care$zEngland$zLincolnshire.
=700  1\$aShaw, Stephen,$d1953-$eauthor.
=852  41$aBritish Library$bHMNTS$jDigital store
=856  40$uhttp://ppo.gov.uk/docs/162-08-death-of-a-man-in-hospital-resident-in-approved-premises.pdf
=CAT  \\$a10958$b40$c20111230$lBLL01$h0719
=CAT  \\$a10958$b40$c20111230$lBLL01$h0720
=CAT  \\$a8141$b40$c20140205$lBLL01$h1155
=CAT  \\$aW1711-1225$c20171203$lBLL01$h1046
=FIN  \\$aY$d20140205
=FMT  \\$a  BK
=LAS  \\$aW1711-1225$b00$c20171203$lBLL01$h1046
=STA  \\$aSUPPRESSED$bunable to determine reason for suppression

