=LDR  02034 am a2200505 a 4500
=001  016011324
=003  Uk
=005  20130327151348.0
=006  m\\\\|\\\d\|\\\\\\
=007  cr\|||||||||||
=008  121112s2006\\\\enk\\\\\o\\\\o000\0\eng\d
=FMT  \\$a  BK
=015  \\$aGBB332852$2bnb
=040  \\$aIiNdDKA$beng$cIiNdDKA
=042  \\$aukblsr
=043  \\$ae-uk-en
=082  04$a365.6094256$223
=100  10$aShaw, Stephen,$d1953-
=245  10$aCircumstances surrounding the death of a man at Luton Approved Premises in the Bedfordshire Probation Area in November 2005$h[electronic resource] :$breport /$cby the Prisons and Probation Ombudsman for England and Wales [i.e. Stephen Shaw].
=260  \\$a[London] :$bPrisons and Probation Ombudsman for England and Wales,$c2006.
=300  \\$a1 online resource (12 p.)
=336  \\$atext$2rdacontent
=337  \\$acomputer$2rdamedia
=338  \\$aonline resource$2rdacarrier
=500  \\$aTitle from PDF title page (viewed on Nov. 12, 2012).
=500  \\$a"April 2006."
=610  20$aLuton Approved Premises.
=650  \0$aPrisoners$zEngland$zBedfordshire$xDeath$vCase studies.
=650  \0$aDeath$zEngland$zBedfordshire$xCauses$vCase studies.
=650  \0$aPrisoners$xDrug use$zEngland$zBedfordshire$vCase studies.
=710  2\$aPrisons and Probation Ombudsman for England and Wales.
=856  40$uhttp://ppo.gov.uk/docs/A138.05-death-of-man-resident-approved-premises.pdf
=852  41$aBritish Library$bHMNTS$jDigital store
=916  \\$a610=NEW
=985  \\$aNETCAT record
=CAT  \\$a10983$b40$c20120119$lBLL01$h0802
=CAT  \\$a10983$b40$c20120119$lBLL01$h0803
=CAT  \\$a10983$b40$c20120119$lBLL01$h0815
=CAT  \\$aBATCH-SURR$b00$c20130327$lBLL01$h1511
=CAT  \\$aW1711-1225$c20171203$lBLL01$h1046
=CAT  \\$aBATCH-UPD$b00$c20171203$lBLL01$h1451
=FIN  \\$aY$d20130327
=SRC  \\$aNETCAT$be2262.mrc.20130327
=STA  \\$aSUPPRESSED$bunable to determine reason for suppression
=LAS  \\$aBATCH-UPD$b00$c20171203$lBLL01$h1451

