=LDR  01571 am a2200421 i 4500
=001  016232470
=003  Uk
=005  20141204163425.0
=006  m||||||||d||||||||
=007  cr||||||||||||
=008  140523s2012\\\\enk\\\\\o|\\\o000\0\eng|d
=FMT  \\$a  BK
=015  \\$aGBB4E0931$2bnb
=040  \\$aStDuBDS$beng$cStDuBDS$erda$epn
=042  \\$aukblsr
=082  04$a362.10941$223
=110  1\$aGreat Britain.$bDepartment of Health,$eauthor.
=245  14$aThe Government's response to the consultation on the draft mandate to the NHS Commissioning Board /$cDepartment of Health.
=264  \1$aLondon :$bDepartment of Health,$c[2012]
=264  \4$c©2012
=300  \\$a1 online resource (31 pages)
=336  \\$atext$2rdacontent
=337  \\$acomputer$2rdamedia
=338  \\$aonline resource$2rdacarrier
=588  \\$aDescription based on online resource; title from PDF title page (viewed on May 28, 2014).
=610  20$aNHS Commissioning Board.
=650  \0$aNational health services$zGreat Britain.
=856  40$uhttps://www.wp.dh.gov.uk/publications/files/2012/11/mandate-response.pdf
=852  41$aBritish Library$bHMNTS$jDigital store
=985  \\$aNETCAT record
=CAT  \\$a12664$b40$c20121217$lBLL01$h1631
=CAT  \\$a12664$b40$c20121217$lBLL01$h1632
=CAT  \\$aBATCH-SURR$b00$c20141204$lBLL01$h1632
=CAT  \\$aW1711-1225$c20171203$lBLL01$h1051
=FIN  \\$aY$d20141204
=SRC  \\$aNETCAT$bNETCATEM.mrc.20141204
=STA  \\$aSUPPRESSED$bunable to determine reason for suppression
=LAS  \\$aW1711-1225$b00$c20171203$lBLL01$h1051

