=LDR  01538 am a2200433 a 4500
=001  014485628
=003  Uk
=005  20080223141032.0
=006  m\\\\|\\\d\|\\\\\\
=007  cr||||||||||||
=008  080107s2007\\\\enk\\\\\s\\\\\000\0\eng\\
=FMT  \\$a  BK
=015  \\$aGBA821549$2bnb
=020  \\$cNo price
=040  \\$aUk$beng$cUk
=042  \\$aukblsr
=082  04$a374.942$222
=245  00$aPathways to higher education$h[electronic resource] :$bBTEC courses.
=260  \\$a[Bristol] :$bHigher Education Funding Council for England,$c2007.
=336  \\$atext$2rdacontent
=337  \\$acomputer$2rdamedia
=338  \\$aonline resource$2rdacarrier
=538  \\$aMode of access: World Wide Web.
=538  \\$aSystem requirements: Adobe Acrobat Reader.
=500  \\$aTitle from PDF title page (viewed 23 Feb., 2008).
=516  \\$aPDF format.
=500  \\$aIssues paper December 2007/35.
=650  \0$aVocational education$zGreat Britain.
=650  \0$aVocational education$zGreat Britain$vStatistics.
=710  2\$aHigher Education Funding Council for England.
=856  40$uhttp://www.hefce.ac.uk/pubs/hefce/2007/07_35/07_35.pdf
=852  41$aBritish Library$bHMNTS$jDigital store
=CAT  \\$a7750$b40$c20080107$lBLL01$h1302
=CAT  \\$a7750$b40$c20080107$lBLL01$h1303
=CAT  \\$a7332$b40$c20080223$lBLL01$h1410
=CAT  \\$aW1711-1225$c20171203$lBLL01$h1028
=FIN  \\$aY$d20080223
=STA  \\$aSUPPRESSED$bunable to determine reason for suppression
=LAS  \\$aW1711-1225$b00$c20171203$lBLL01$h1028

