=LDR  01535 am a22003737a 4500
=001  014615662
=003  Uk
=005  20080814120704.0
=006  m\\\\|\\\d\|\\\\\\
=007  cr||||||||||||
=008  080514s2008\\\\stk||||\s\\\\o00|\0\eng\\
=FMT  \\$a  BK
=020  \\$a9780755916832
=040  \\$aUk$beng$cUk
=245  00$aModernising medical careers$h[electronic resource] :$bSpecialty Training Project Board papers : Specialty Training Programme Board, first meeting, Monday 29 October 2007, conference room B, St. Andrews House, Edinburgh : agenda.
=260  \\$a[Edinburgh :$bScottish Government,$c2008]
=300  \\$a26 p. :$bdigital, PDF file.
=336  \\$atext$2rdacontent
=337  \\$acomputer$2rdamedia
=338  \\$aonline resource$2rdacarrier
=538  \\$aMode of access: World Wide Web.
=538  \\$aSystem requirements: Adobe Acrobat Reader.
=500  \\$aTitle from p.1 of PDF file (viewed on Aug. 14, 2008).
=530  \\$aAlso issued in print format; also in HTML format.
=710  1\$aScotland.$bScottish Government.
=856  40$uhttp://www.scotland.gov.uk/Resource/Doc/221705/0059594.pdf
=856  40$uhttp://www.scotland.gov.uk/Publications/2008/04/30110132/0
=852  41$aBritish Library$bHMNTS$jDigital store
=CAT  \\$a7750$b40$c20080514$lBLL01$h0911
=CAT  \\$a8141$b40$c20080814$lBLL01$h1207
=CAT  \\$aW1711-1225$c20171203$lBLL01$h1029
=FIN  \\$aY$d20080814
=STA  \\$aSUPPRESSED$bunable to determine reason for suppression
=LAS  \\$aW1711-1225$b00$c20171203$lBLL01$h1029

