=LDR  01250cas a2200301 i 4500
=001  020819545
=003  Uk
=005  20230321093033.0
=006  m\\\\\|\\d\|\\\\\\
=007  cr\|||||||||||
=008  221123c20229999enkqr\g\o\\\\\0\\\a0eng\\
=FMT  \\$a  SE
=245  00$aRailway-news magazine.$pRolling stock :$bthe latest news & reviews from the industry.
=246  10$aRolling stock
=264  \1$aExeter :$ba2b Global Media Ltd
=595  \\$aCross-reference record - see 018588432 - if in doubt, query with Serials Cataloguing.
=856  40$uhttps://railway-news.com/magazines/
=852  41$aBritish Library$bHMNTS$jELD Digital store$3Issue 4(2022)
=985  \\$aOriginally catalogued separately as a split - but subsequent decision made to treat as part of a 3 part issue for 2022, issue 4 of 018588432 (Railway-news.com magazine).
=CAT  \\$a8483$b40$c20221123$lBLL01$h1400
=CAT  \\$a8483$b40$c20221123$lBLL01$h1413
=CAT  \\$a8483$b40$c20221123$lBLL01$h1423
=CAT  \\$a8483$b40$c20221123$lBLL01$h1445
=CAT  \\$a8483$b40$c20221123$lBLL01$h1446
=CAT  \\$a8483$b40$c20230321$lBLL01$h0923
=CAT  \\$a8483$b40$c20230321$lBLL01$h0930
=STA  \\$aSUPPRESSED$bAcquisitions Use Only
=LAS  \\$a8483$b40$c20230321$lBLL01$h0930

